3048 4980
509 549 661 618 -293
704 585 750 602 -

500 727 741 790 Hadrianus.

106 814 240 888 Quare?

542 899 710 965 Caritas.

107 1004 190 1078 Quia
211 1005 335 1069 mentiri
356 1007 437 1070 nolo.
479 1005 549 1087 Ego
570 1007 693 1087 quidem
715 1008 747 1069 et
769 1027 892 1069 sorores
912 1025 1001 1096 meae
1024 1007 1142 1096 eisdem

106 1112 290 1194 parentibus
311 1110 444 1192 genitae,
462 1110 582 1174 hisdem
593 1111 633 1194 51)
656 1111 857 1174 sacramentis
875 1112 1010 1175 imbutae
1026 1131 1142 1191 sumas,

106 1234 170 1277 una
191 1215 361 1296 eademque
378 1216 450 1278 fidei
469 1217 640 1279 constantia
653 1219 832 1294 roboratae3
856 1220 1043 1298 quapropter
1054 1217 1140 1296 scito,

106 1321 250 1382 nostrum
271 1321 363 1396 velle,
385 1323 526 1382 nostrum
548 1321 730 1397 consentire,
752 1324 892 1383 nostrum
913 1338 1024 1403 sapere
1045 1317 1142 1384 unum

105 1423 256 1506 idemque
279 1443 358 1501 esse,
380 1443 439 1486 nec
461 1443 510 1486 me
531 1423 564 1486 in
585 1424 648 1487 ullo
671 1443 814 1508 umquam
833 1425 896 1486 illis
918 1425 1076 1487 dissidere.

499 1528 735 1592 Hadrianus.

107 1629 135 1696 0
157 1631 280 1715 injuria,
310 1631 392 1714 quod
413 1651 433 1693 a
453 1631 576 1696 tantilla
609 1633 702 1695 etiam
723 1627 924 1716 contempnet
955 1633 1141 1698 homullula!

536 1735 705 1802 Caritas.

104 1840 194 1906 Licet
214 1843 332 1912 tenella
354 1843 412 1904 sim
432 1844 545 1919 aetate,
567 1845 672 1904 tamen
694 1860 795 1924 gnara
823 1861 892 1906 sum
921 1845 954 1906 te
976 1861 1141 1926 argvrmenq

104 1951 172 2010 tose
197 1947 398 2012 confundere.

498 2031 741 2096 Hadrianus.

103 2138 262 2202 Abstrahe
277 2137 371 2214 illam,
386 2135 548 2212 Antioche,
570 2138 602 2199 et
620 2136 679 2215 fac,
697 2141 741 2214 ut,
757 2155 910 2220 suspensa
923 2134 955 2200 in
971 2137 1087 2215 eculeo,
1099 2135 1140 2220 ω)

107 2242 255 2304 atrociter
274 2243 469 2304 verberetur.

503 2327 743 2392 Antiochus.

106 2431 239 2509 Vereor,
262 2432 344 2513 quod
365 2433 499 2494 verbera
521 2453 582 2496 non
604 2433 816 2516 praevaleant.

499 2536 740 2600 Hadrianus.

105 2639 138 2704 Si
158 2661 222 2704 non
243 2641 455 2723 praevaleant,
473 2643 559 2724 jube,
581 2643 680 2704 tribus
703 2640 855 2703 continuis
878 2640 986 2702 diebus
1008 2657 1045 2702 ac
1067 2659 1139 2702 noc·

103 2747 187 2808 tibus
210 2746 368 2809 fornacem
389 2747 536 2808 succendi
558 2749 591 2809 et
609 2747 695 2807 illam
715 2746 797 2808 inter
811 2745 981 2807 bachantes
1002 2743 1140 2806 flammas

104 2849 210 2932 proici.
732 2835 733 2840 ἵ

541 2933 712 2998 Caritas.

104 3040 281 3124 Ojudicom
295 3039 493 3123 inpotentem,
511 3039 563 3122 qui
583 3040 703 3116 diffidit,
719 3059 753 3102 se
773 3042 890 3122 absque
909 3039 1001 3103 armis
1022 3038 1141 3121 ignium

103 3149 290 3208 octucnnem
301 3144 341 3227 ⁶³)
362 3144 513 3208 infantem
534 3163 682 3228 superare
704 3148 813 3227 posse!
1074 3134 1077 3142 ’

498 3249 736 3312 Hadrianus.
822 3303 824 3310 .
905 3305 906 3310 ,

102 3351 174 3428 Abi,
197 3351 361 3429 Antioche,
384 3354 417 3416 et
437 3352 610 3436 injunctum
630 3352 765 3414 officium
786 3351 911 3435 perfice.
991 3381 994 3390 ·

401 3463 403 3468 '
540 3454 711 3519 Caritas.

103 3559 264 3624 Saevitiae
288 3561 413 3642 quidem
441 3563 514 3623 tuae
537 3558 755 3622 satisfaciendo
776 3558 906 3641 parebit,
936 3559 991 3621 sed
1012 3579 1062 3648 me
1083 3558 1138 3622 mi·

102 3665 186 3726 nime
208 3665 339 3741 nocebit,
356 3663 429 3746 quia
446 3683 505 3725 nee
526 3665 660 3726 verbera
679 3663 741 3724 mei
756 3663 972 3745 corpusculum
988 3664 1138 3741 lacerare,

102 3788 163 3832 neo
185 3767 327 3830 flammae
350 3787 468 3832 comam
488 3769 541 3830 vel
561 3774 668 3830 vestes
689 3769 835 3849 poterunt
856 3768 1027 3832 obfuscare.

500 3888 744 3952 Hadrianus.

103 3973 306 4057 Experietur.

130 4213 169 4266 51)
184 4211 296 4323 zugon,
312 4211 353 4324 εἰς
370 4211 506 4268 ejusdem,
523 4211 546 4256 S.
572 4213 611 4270 52)
625 4212 764 4270 equuleo,
780 4209 892 4272 sang.
918 4215 959 4272 53)
971 4217 1136 4273 octennem,

203 4309 218 4336 .,
252 4295 298 4326 .u.
337 4294 359 4338 ς.
