3022 4982
498 525 715 604 ...17-

92 717 162 784 285.
175 719 246 791 Quo
269 718 385 781 sociata
406 715 503 780 sacris
525 713 709 796 virguncula
730 732 828 797 parva
849 713 962 796 puellis

181 823 311 904 Semper
334 822 446 885 divinis
467 821 529 882 illio
551 823 707 902 perstaret
727 819 760 880 in
783 819 858 894 odis,

181 926 284 998 Quem
303 925 413 988 merito
435 925 520 987 cives
542 925 694 986 coelestes
715 923 807 985 laude
830 907 1037 1002 frequentant.

219 1030 296 1092 Post
316 1031 403 1106 hacc,
424 1029 456 1098 iu
477 1029 584 1110 templi
606 1026 894 1106 subsistensfsslimitc
917 1026 1006 1102 socri,

178 1134 352 1196 Ascensum
374 1133 527 1212 graduum
548 1132 648 1194 subito
670 1134 718 1192 ter
741 1131 875 1211 quinque
896 1130 1048 1211 supinum,

96 1235 333 1300 illuminemur
356 1236 475 1310 aetatis,
494 1236 559 1316 jam
580 1235 673 1316 plena
693 1233 769 1309 Deo,
791 1232 928 1316 puerilis,

181 1340 340 1402 Audacter
363 1339 466 1414 currit,
488 1339 609 1400 vultum
630 1358 688 1400 nec
709 1341 793 1400 retro
815 1337 948 1412 reflexit,

116 1501 118 1506 .
177 1443 318 1515 Quaeret
337 1445 374 1507 ut
394 1445 531 1504 astantes
553 1441 705 1504 infantum
724 1461 810 1504 more
831 1445 987 1523 parentes

224 1547 284 1608 Hie
307 1567 401 1628 super
423 1547 553 1622 accensi,
574 1548 725 1608 mirantur
746 1545 878 1626 denique
901 1544 1002 1614 cunct'

176 1651 326 1713 Astentes
348 1651 461 1731 populi,
483 1650 590 1731 templi
611 1649 789 1731 pariterque
816 1649 956 1724 ministri,

93 1752 341 1816 immutares
362 1754 422 1835 ipsi
443 1755 557 1816 lactum
578 1754 706 1816 laudant
727 1773 848 1834 quoqne
870 1753 969 1834 primi,

175 1858 331 1932 Dicentes,
352 1860 439 1921 tanto
461 1859 542 1938 quod
565 1860 638 1920 tunc
658 1856 811 1919 infantula
832 1857 924 1932 iacto,

176 1960 238 2036 Per
261 1981 295 2022 se
319 1961 392 2042 quid
413 1961 489 2036 lieri,
512 1960 737 2042 praesignaret,
760 1959 820 2022 cito
842 1961 948 2041 magni

176 2063 219 2128 Et
241 2085 317 2126 vere
337 2065 450 2144 magni,
473 2065 591 2126 cunctis
613 2065 783 2145 meritoque
805 2066 957 2146 stupendi.

221 2168 313 2239 Quod
335 2169 420 2230 credi
441 2170 548 2249 majus,
569 2168 622 2229 vel
644 2166 725 2248 qnod
747 2154 855 2249 posset
880 2170 948 2232 sore
969 2171 1079 2252 majus,

98 2269 166 2333 300.
181 2271 283 2342 Quem
305 2272 386 2353 quod
407 2272 548 2351 virgineo
569 2272 705 2354 portavit
726 2275 837 2334 ventre
858 2273 963 2356 puella

47 2437 51 2444 ,
176 2374 328 2454 Magnum
348 2375 497 2438 factorem
517 2375 623 2436 mundi
642 2375 860 2456 propriumque
882 2377 1064 2457 parentem?

177 2477 244 2540 Nec
266 2479 384 2554 mirum,
407 2499 530 2540 sursum
551 2480 652 2560 coepit
671 2478 698 2540 si
719 2479 818 2558 ligere
840 2499 992 2559 gressum,

176 2581 286 2644 Infans
307 2581 445 2644 lacteolis
468 2584 571 2644 luerat
593 2583 666 2644 dum
687 2583 819 2664 parvula
839 2584 993 2660 membris,

183 2684 293 2762 Quam,
315 2684 410 2748 Pater
432 2685 521 2761 alme,
544 2689 597 2749 tuo
619 2685 724 2748 ditasti
744 2685 868 2749 flamine
891 2705 988 2762 sacro,

102 2785 168 2851 305.
180 2789 262 2852 Dum
284 2790 388 2850 fueret
409 2791 535 2874 sanctae
558 2789 716 2870 genitricis
738 2790 860 2852 condite
881 2794 1001 2866 ventre,

182 2893 345 2955 Praescius
366 2892 445 2954 hanc
467 2894 564 2955 solam
585 2896 670 2955 certe
692 2895 861 2956 consistere
885 2894 1010 2974 dig-nam

179 2997 230 3058 Ad
251 2996 368 3078 proprii
388 2999 512 3078 partum
531 2997 597 3058 nati
618 3015 675 3078 per
697 2999 803 3060 secula
824 2997 887 3058 not‘

181 3099 243 3172 Qui
264 3104 343 3181 post,
367 3118 533 3180 corporeae
555 3102 656 3164 tectus
678 3101 830 3162 velamine
853 3101 978 3176 formae,

178 3203 352 3266 Ascensum
374 3203 526 3283 graduum
548 3203 665 3266 cunctis
686 3205 835 3286 patefecit
855 3204 888 3266 in
909 3221 1030 3280 aevum,

99 3302 165 3368 310.
177 3307 237 3369 Per
261 3327 337 3388 quos
363 3308 404 3368 ed
424 3307 556 3388 patriam
576 3307 708 3369 tendunt
728 3326 868 3369 remeare
890 3308 1037 3382 relictam,

178 3408 235 3472 Cui
257 3409 397 3472 Christus
419 3429 539 3486 nomen,
562 3411 611 3472 cui
632 3412 700 3473 laus
723 3412 763 3472 sit
788 3412 925 3487 coelitus,
947 3411 1056 3473 Amen.

221 3513 346 3576 Scilicet
367 3517 400 3575 et
419 3514 565 3594 genitrix,
587 3515 643 3576 tali
664 3515 746 3576 facto
765 3518 845 3578 bene
867 3515 954 3592 felix,

179 3615 373 3681 Conlaudene
396 3639 504 3698 regern
526 3619 637 3680 cecinit
658 3619 702 3680 sic
723 3619 815 3680 Anna
835 3637 1005 3700 perennem
1013 3641 1024 3704 z¹

179 3721 398 3804 „Omnipotens
419 3723 531 3798 rector,
553 3723 636 3784 solus
657 3722 781 3804 pietatis
803 3725 930 3799 ametor,

101 3819 371 3902 315.„Olcmenter
391 3825 514 3908 propino
536 3826 637 3902 fecisti
657 3827 734 3887 mira
754 3829 887 3908 popello,

180 3929 359 4012 „ispiciens
375 3930 521 3990 humilem
534 3929 707 3992 miserendo
728 3948 829 3991 mecm
843 3950 963 4013 qnoque
978 3932 1121 4010 mentem,

102 4113 272 4132 ’.υ-*ιιι

129 4217 172 4264 002.
185 4222 223 4262 sle
238 4223 318 4278 figere,
333 4221 388 4268 (Lu.
399 4218 422 4266 8.
436 4219 482 4267 aot.
501 4219 624 4274 persecuta
641 4223 715 4278 nuli,
731 4216 814 4267 Gaas.
830 4219 876 4268 310.
885 4231 926 4276 pet
939 4231 1016 4278 qm,
1031 4219 1055 4266 0,
1066 4218 1120 4264 ens.

188 4291 230 4334 am.
244 4294 334 4349 lectu,
352 4291 669 4350 M.;1³.sndertmfrer0.
946 4341 968 4406 2
