3010 4978
472 543 517 560 ι·-
561 500 621 576 141
665 528 716 560 ...-

177 705 219 758 ac
229 671 479 760 solummodo:
488 688 743 759 familiaribus
762 687 858 759 ‘meis
877 685 1108 782 ostendere3

176 803 278 874 unde
308 825 439 896 paene
470 827 591 897 opera
619 803 789 875 cessavit
819 803 982 874 dictandi
997 805 1105 876 'ultra

176 917 321 1010 aliquid
347 915 576 1010 hujusmodi,
591 919 691 1012 qnia,
714 918 813 989 sicut
835 919 949 1011 pauci
977 918 1104 1010 foere,

155 1033 243 1126 'qui
282 1054 343 1105 me
380 1034 571 1126 prodente
610 1035 899 1128 perspicerent,
935 1033 1008 1104 ita·
1030 1057 1109 1104 non

180 1146 300 1238 multi,
326 1149 407 1241 qui,
442 1149 504 1218 vel
532 1149 620 1241 quid
647 1149 917 1241 corrigendum
945 1149 1107 1241 inesset,

178 1263 442 1351 enuclearent,
456 1263 518 1333 vel
533 1263 580 1332 ad
590 1263 843 1340 audendum⁴l
861 1262 1008 1356 aliquid·
1019 1265 1107 1336 huic

167 1377 306 1450 'simile
337 1384 608 1471 provocarent.
662 1380 710 1447 nt
735 1401 847 1468 nune,
874 1377 962 1476 qnia
988 1379 1105 1451 trium
1169 1369 1171 1374 ’

179 1493 443 1563 testimouium
469 1498 629 1567 ,constat
663 1515 752 1562 esse
781 1514 930 1583 verum,
961 1495 1104 1566 vestris

176 1587 427 1680 corroborata
446 1609 662 1698 sententiis,
682 1607 893 1678 fiducialius
904 1619 928 1697 ⁵)
944 1629 1106 1704 praesu-

178 1747 253 1814 mo,
270 1729 309 1794 et
320 1722 598 1815 componendis
613 1745 771 1816 operam
789 1723 895 1812 da're,
905 1723 939 1793 si
953 1725 1106 1816 qnando

178 1839 288 1909 Deus
322 1838 503 1908 annuerit
538 1859 676 1930 posse,
713 1843 752 1906 et
778 1857 1106 1932 quorumcumque

177 1953 411 2046 sapientium
446 1939 616 2022 eramen
639 1952 785 2022 subire.
838 1951 939 2022 lnter
970 1953 1110 2034 hacc⁶l

176 2067 342 2140 diversis
355 2067 572 2158 affectibus,
587 2067 728 2160 gaudio
742 2064 922 2136 videlicet
937 2070 976 2137 et
990 2074 1108 2161 metu,

177 2185 223 2254 in*
242 2182 438 2255 diversum
463 2183 618 2274 trahorg
650 2183 774 2252 lleom
797 2203 975 2274 namque,
1000 2180 1109 2284 cujus

179 2297 421 2370 solummodo
458 2297 585 2389 gratia
617 2316 702 2365 sum
737 2295 785 2386 id,
818 2295 1042 2388 quodsum,
1069 2298 1109 2368 in

179 2433 241 2484 me
276 2411 425 2482 laudari
456 2411 692 2482 cordetenus
733 2409 907 2503 gaude03
939 2411 1009 2482 sed
1033 2435 1112 2482 ma·

176 2525 253 2621 jor,
268 2544 383 2620 quam
404 2527 489 2617 sim,
510 2525 630 2595 videri
653 2525 783 2616 timeo,
799 2525 888 2617 quia
904 2531 1110 2619 utrumque

167 2641 295 2714 nefas
322 2663 412 2712 esse
439 2663 518 2712 non
542 2640 710 2733 'ambiges
736 2647 775 2710 et
799 2641 1015 2732 gratuitum
1039 2641 1111 2712 llei

179 2749 323 2830 donum
349 2769 511 2850 negare,
535 2762 574 2826 et
592 2778 670 2826 non
692 2762 891 2848 acceptum
911 2755 1110 2850 accepisse
1221 2833 1224 2838 ,

177 2870 375 2943 simulare.
428 2870 538 2940 Unde
576 2891 653 2940 non
687 2870 853 2963 denego,
880 2875 1108 2964 praestante

178 2987 306 3082 gratia
315 2985 515 3056 Creator-is
527 3005 598 3078 per
609 2985 791 3076 dynamin
802 3005 863 3054 me
875 2991 981 3056 artes
995 2985 1109 3076 scire,

181 3102 271 3196 quia
283 3121 377 3185 ¹sum
397 3098 539 3170 animal
557 3119 683 3193 capax
697 3099 936 3193 disciplinae,
952 3098 1021 3170 sed
1042 3121 1114 3194 per
1223 3116 1225 3119 ·

181 3215 385 3308 energiam
402 3213 427 3295 ⁷)
454 3214 585 3286 fateor
621 3215 778 3287 omnino
808 3215 972 3284 nescire·
1007 3214 1115 3286 Per·

181 3331 319 3427 spicax
338 3351 488 3424 quoque
503 3329 702 3422 ingenium
723 3328 906 3399 divinitus
926 3329 1018 3399 mihi
1038 3329 1115 3400 ool·

185 3446 306 3528 latum
333 3466 423 3518 esse
439 3465 623 3539 agnosco,
649 3443 719 3517 sed
738 3443 1011 3537 magistrorum
1027 3467 1111 3516 ces·

180 3567 295 3635 sante
345 3558 565 3652 diligentia,
607 3558 792 3654 incultum
843 3565 882 3628 ct
928 3559 1111 3653 propriae

186 3674 358 3770 pigritia·
376 3673 549 3774 inertiae¹
569 3679 701 3768 torpet
726 3674 957 3768 neglectum.
1010 3671 1117 3753 Qua·

179 3787 360 3884 propter,¹
382 3808 432 3859 ne
459 3788 499 3859 in
535 3789 766 3860 medanum
795 3789 867 3860 Dei
893 3787 1114 3860 annullare-

87 3954 265 3967 ..ιω-...4-

124 4020 151 4105 ⁴)
175 4021 630 4098 manuteneamus,
675 4021 701 4105 ὓ)
724 4021 1011 4098 fiducialibus,
1035 4019 1066 4084 O.

125 4126 152 4210 ὅ)
174 4127 289 4190 Intra
311 4128 398 4203 haec,
415 4127 465 4205 P.;
485 4127 574 4188 Inter
590 4127 679 4202 hoc,
703 4125 778 4190 O.u.
794 4126 823 4188 S.
847 4126 872 4210 ⁷)
896 4125 1115 4210 enerigian,

174 4213 232 4296 M.;
262 4214 295 4278 in
324 4214 358 4277 P.
380 4215 422 4279 ut
443 4215 499 4276 das
520 4214 532 4276 i
552 4213 658 4276 radirt.
