3010 4978
726 472 966 544 -120-

421 656 483 724 Sed
505 653 621 721 Christi
641 653 742 738 virgo,
765 673 916 738 spernens
939 673 997 716 oeu
1019 652 1158 716 stercora
1176 645 1266 726 dona,

414 764 540 827 Pondus
562 765 595 824 et
616 761 710 824 oblati
732 760 906 839 dedignans
928 758 1069 840 protinus
1091 755 1167 832 auri,

416 867 621 950 splendorem
642 883 763 946 quoque
785 883 977 944 gemmarum
998 863 1125 924 rutilum
1145 861 1310 935 variarum,

354 967 405 1034 60.
418 971 477 1034 His
499 970 604 1032 verbis
624 971 772 1050 juvenem
794 968 916 1029 causari
937 968 1038 1029 fertur
1058 968 1229 1028 amentem:

416 1075 462 1152 „0
485 1075 529 1136 fili
550 1073 666 1149 mortis,
688 1072 797 1134 merito
820 1071 1013 1152 dampnande
1034 1071 1190 1152 perennis,

416 1178 462 1256 „0
485 1180 584 1239 fames
606 1176 743 1252 sceleris,
766 1178 956 1257 contemptor
979 1179 1011 1236 et
1032 1172 1258 1254 omnipotentis,

417 1281 609 1357 „Discedens
632 1299 728 1354 ame,
751 1279 841 1341 citius
863 1279 1011 1359 fugiendo
1033 1279 1155 1352 recede,

419 1385 504 1461 „Neo
527 1385 646 1460 credas,
668 1386 700 1445 te
721 1401 813 1464 posse
834 1403 937 1444 meum
959 1390 1141 1464 pervertere
1164 1401 1276 1464 purum

356 1485 406 1551 65.
422 1488 515 1566 „Cor,
539 1489 620 1569 quod
642 1488 786 1549 amatoris
807 1489 970 1570 praevenit
990 1487 1149 1550 nobilioris

418 1592 546 1669 „Dulcis
569 1611 662 1668 amor,
683 1591 847 1673 pulchrum
869 1593 956 1673 eujus
978 1591 1051 1653 fidei
1072 1592 1139 1652 fero
1162 1589 1286 1672 signum

420 1695 477 1774 „In
498 1696 577 1758 facie
597 1713 716 1757 summa
736 1714 858 1756 necnon
879 1696 911 1756 in
933 1715 1061 1776 corpore
1083 1697 1157 1769 toto,

421 1799 511 1876 „Quo
533 1819 583 1861 me
605 1799 742 1878 signavit
763 1799 953 1880 strictimque
976 1799 1034 1860 sibi
1055 1799 1209 1878 religavit,

421 1903 489 1980 „Ne
510 1921 580 1964 mea
601 1923 688 1963 mens
710 1903 805 1965 alium
824 1903 888 1983 jam
909 1904 1169 1985 praesumpsisset
1190 1900 1321 1962 amicum

354 2003 403 2069 70.
417 2006 608 2083 „Quaerere
630 2005 687 2067 sed
707 2007 807 2068 solum
829 2007 991 2088 complecti
1013 2007 1148 2070 disceret
1169 2005 1265 2079 illum,

417 2110 508 2188 „Qui
530 2111 646 2174 virtute
667 2112 778 2191 potens
801 2111 943 2190 omnique
966 2110 1078 2172 decore
1100 2110 1273 2188 refulgens,

420 2212 599 2291 „Coelestes
621 2216 653 2274 et
672 2214 818 2274 mortales
840 2215 1049 2295 supereminet
1071 2234 1185 2275 omues.
1283 2259 1286 2264 .

416 2317 529 2394 „Hune
551 2317 618 2378 sine
639 2319 738 2378 matre
759 2317 854 2380 Pater
876 2319 945 2378 cani
966 2322 1053 2380 retro
1077 2321 1216 2398 tempora
1239 2315 1344 2377 mundi

419 2418 476 2497 „In
499 2421 614 2482 deitate
636 2439 744 2501 parem
764 2441 823 2482 nec
844 2423 1006 2502 majestate
1029 2422 1178 2482 minorem

354 2520 403 2588 75.
417 2524 638 2606 „Omnipotens
661 2524 778 2603 genuit,
800 2545 858 2606 per
880 2546 972 2606 quem
994 2526 1052 2588 sibi
1074 2525 1198 2586 saecula
1221 2523 1303 2585 tecit

416 2627 478 2704 „Et
499 2629 565 2688 sine
587 2633 676 2709 patre
699 2629 822 2707 quidem
843 2628 945 2690 Mater
968 2630 1108 2711 pariebat
1130 2627 1271 2700 cundem,

417 2721 600 2806 „Fautorem
620 2732 778 2812 proprium
800 2733 928 2808 lactens,
951 2733 1007 2794 sub
1031 2735 1169 2814 tempore
1190 2733 1305 2806 netum,

416 2832 531 2916 „Cujus
554 2835 790 2916 praepulchram
811 2836 963 2898 mirantur
986 2837 1118 2918 denique
1141 2837 1270 2896 formam

417 2937 554 3014 „Solaris
577 2939 732 3019 splendor,
754 2940 846 3001 lunae
868 2941 1007 3002 renitens
1030 2960 1151 3021 quoque
1174 2939 1297 3012 candor,

352 3038 401 3104 80.
438 3041 634 3117 „Laedentes
656 3043 751 3104 radiis
759 3043 921 3105 Dominum
943 3045 1135 3124 fulgentibus
1158 3044 1256 3120 orbis3

415 3145 531 3228 „Cujus
553 3149 585 3210 et
605 3147 734 3229 imperio
755 3147 937 3208 famulantia
959 3149 1061 3210 sidera
1084 3153 1196 3210 cuncta

413 3249 500 3326 „lllis
521 3250 692 3331 injunctum
714 3251 868 3332 complent
889 3271 946 3333 per
968 3255 1108 3333 tempora
1130 3271 1272 3328 cursum,

417 3351 502 3428 „Cui,
526 3355 752 3418 conclamantes
775 3355 936 3434 condignis
958 3357 1108 3431 laudibus,
1132 3375 1238 3416 omnes

414 3455 549 3533 „Coetus
572 3459 705 3538 angelici
726 3478 788 3520 uon
811 3459 967 3522 desistunt
988 3460 1141 3534 famulari,

349 3555 399 3622 85.
414 3559 514 3637 „Mira
536 3562 586 3623 cui
607 3563 727 3624 bonitas
749 3564 798 3624 est
819 3564 851 3624 et
872 3565 1034 3644 praecelsa
1055 3566 1202 3645 potestas,

415 3661 542 3740 „Gloria
564 3666 711 3742 sublimis,
732 3686 846 3747 perpes
870 3667 1033 3730 concordia
1054 3667 1149 3749 pacis,

415 3766 611 3844 „Laudabilis
632 3770 732 3852 pietas
753 3769 939 3850 nimiumque
961 3772 1097 3850 benigna
1119 3772 1271 3832 voluutas.

416 3871 520 3946 „Talis
542 3891 673 3956 namque
695 3893 800 3951 meus,
830 3895 921 3956 quem
942 3875 1053 3954 diligo,
1083 3863 1217 3936 constat
1234 3873 1355 3948 amicus,

347 4011 528 4023 *—

352 4076 379 4122 59
399 4077 576 4131 rutllarum,
597 4077 641 4129 M.;
661 4077 686 4122 P.
706 4078 809 4131 eorrlglrt
827 4079 848 4119 ln
865 4078 992 4123 rutllum.
1023 4080 1057 4122 62·
1075 4077 1234 4132 scelerum,
1255 4077 1278 4120 0.
1299 4075 1359 4125 sas,

405 4147 437 4188 77,
458 4147 643 4200 faetore-t,
664 4146 697 4192 Μ.
718 4160 739 4192 ιι.
764 4148 789 4193 Ρ.
827 4149 862 4192 82.
879 4148 1033 4203 injursetls,
1054 4147 1077 4190 0.
1094 4161 1117 4190 ιι.
1131 4147 1164 4204 S.;
1179 4147 1210 4188 M.
1225 4145 1358 4190 ostentum.

405 4217 439 4260 85.
457 4215 531 4259 Mire
545 4216 599 4273 tul,
616 4216 640 4260 c.
655 4229 677 4260 u.
692 4215 715 4260 S.
