3016 4982
486 495 725 576 -189-

91 708 177 767 mur;
199 687 233 750 et
254 687 282 748 si
302 687 443 749 insanum
466 687 559 768 caput
588 684 702 747 diutius
723 684 833 746 vivere
861 683 1005 760 sustines,
1026 685 1059 747 te
1079 679 1125 768 ip-

96 813 164 854 sum
187 795 221 854 et
242 811 298 854 nos
320 792 442 874 perdes.
457 791 497 872 ³⁹)

500 891 715 954 Sisinnius.

93 999 244 1080 Quisquis
274 1019 309 1060 es
338 1017 491 1072 meorum,
527 999 654 1057 strenue
665 994 707 1078 ⁴⁰)
740 995 875 1057 extende
897 1014 1026 1072 arcum,
1055 996 1126 1078 jace

95 1105 252 1184 sagittam,
273 1103 404 1186 perfode
426 1102 506 1162 hauc
527 1099 706 1161 maleficam.

528 1203 697 1264 Milites.

92 1293 201 1354 Decet

529 1373 692 1436 Hirena.

93 1481 222 1556 Infelix,
246 1482 404 1554 erubesce,
426 1477 601 1560 Sisinni‚⁴¹)
625 1481 782 1554 erubesce,
793 1480 887 1559 teque
909 1478 1043 1561 turpiter
1063 1478 1127 1542 vic·

96 1590 161 1647 tum
183 1585 362 1664 ingemisce,
386 1583 457 1662 quia
486 1583 620 1644 tenellae
649 1583 811 1644 infantiam
832 1583 1036 1663 virgunculae
1059 1586 1127 1646 abs-

98 1709 157 1770 que
181 1707 337 1749 armorum
358 1689 510 1768 apparatu
531 1686 699 1766 nequivisti
720 1705 878 1767 superare.

500 1789 715 1850 Sisinnius.

97 1895 252 1974 Quicquid
274 1888 434 1954 dedecoris
458 1893 585 1968 accedit,
596 1892 638 1974 ⁴²)
660 1892 762 1954 levius
784 1893 891 1970 telem,
915 1895 1041 1974 quiete
1063 1916 1126 1959 mo-

96 2001 227 2061 rituram
248 1999 325 2059 haut
347 1997 460 2058 dubito.

527 2099 690 2160 Hirena.

95 2205 177 2266 Hinc
198 2205 273 2264 mihi
296 2221 387 2284 quam
408 2203 540 2264 maxime
553 2203 759 2283 gaudendum,
781 2203 836 2265 tibi
854 2225 929 2265 vero
953 2204 1127 2282 dolendum,

97 2310 167 2389 quia
199 2328 257 2390 pro
285 2307 332 2368 tui
362 2309 528 2370 severitate
558 2307 758 2386 malignitatis
781 2309 812 2368 in
842 2311 960 2368 tartara
983 2309 1128 2390 dampna-

99 2413 200 2489 beris;
236 2431 295 2490 ego
329 2413 445 2486 autem,
474 2411 616 2492 martyrii
641 2411 775 2492 palmam
803 2412 1051 2492 virginitatisque
1080 2433 1129 2472 re-

99 2519 229 2597 ceptura
252 2533 403 2590 coronam,
425 2515 545 2576 intrabo
569 2516 749 2575 aethereum
769 2517 888 2577 aeterni
909 2515 1008 2595 Regis
1030 2516 1129 2577 thala-

96 2640 190 2693 mum,
214 2617 265 2680 eui
287 2620 336 2679 est
356 2617 453 2680 honor
477 2621 508 2680 et
530 2618 629 2700 glorie
651 2618 683 2678 in
705 2619 837 2682 saecula.

120 2855 159 2913 39)
175 2867 249 2909 iirspr,
266 2851 370 2909 perdis,
387 2866 430 2895 von
445 2854 571 2898 alterllnnd
581 2857 684 2910 cci-rigirt
698 2855 720 2897 ln
734 2853 853 2911 perdesg
868 2855 1090 2910 (Reimperdics,
1103 2853 1130 2901 Ρ,

169 2927 207 2978 la)
222 2927 366 2978 strennue,
381 2924 405 2966 C.
432 2925 469 2980 dl)
484 2925 609 2980 sisinni,
624 2925 869 2967 criibeseeiehltin
885 2925 974 2970 (ius.
1001 2925 1039 2981 Ὦ)
1055 2927 1129 2967 acei-

171 2995 224 3050 dil,
242 2994 268 3039 C.
286 3007 308 3038 u.
324 2993 347 3035 S.
