3046 4984
839 493 912 562 cvl

365 671 500 748 denOrt,
522 691 571 736 wo
594 691 628 734 er
640 671 747 734 diesen
757 671 956 752 gliicklichen
967 670 1059 742 Fund
1071 672 1187 752 gethan
1198 671 1292 738 hatte.
1314 671 1391 737 Eine

364 779 525 853 Urkunde,
542 777 591 840 die
603 778 682 842 auch
693 776 920 860 beiKliipfel
934 778 957 858 ¹)
974 777 1168 858 abgedruckt
1178 779 1228 854 ist,
1250 779 1391 858 bezeogt,

365 884 437 946 dass
460 901 496 944 er
522 882 583 944 den
606 878 713 943 Codex
740 901 802 944 ron
832 881 902 944 dem
923 880 1012 943 Prior
1041 882 1097 944 des
1118 881 1261 944 Klosters
1290 902 1392 962 gegcn

367 987 510 1068 Stellung
532 987 617 1052 eines
639 985 768 1066 Biirgen
797 1005 852 1050 zur
873 983 1079 1068 Herausgabe
1108 988 1252 1068 gelichen
1274 987 1393 1052 erhielt.

365 1092 424 1158 Die
445 1090 597 1156 Urkunde
618 1090 733 1152 lautet:

452 1195 539 1276 „Ego
573 1195 630 1256 Fr.
662 1189 915 1257 Laurentius
939 1195 1101 1273 Aicher,
1134 1196 1223 1260 Prior
1257 1195 1396 1262 coenobii

454 1299 485 1364 S.
505 1298 691 1364 Emmerami
724 1299 797 1362 Ord.
820 1298 850 1360 S.
872 1299 1053 1376 Benedicti,
1077 1304 1108 1362 et
1129 1301 1186 1364 Fr.
1208 1300 1396 1362 Erasmus

453 1405 677 1481 Australis,
701 1405 840 1487 ejusdem
860 1405 1038 1468 monasterii
1060 1408 1092 1467 et
1107 1405 1222 1467 ordinis
1236 1405 1396 1488 professus

453 1513 487 1576 et
506 1510 667 1584 sacerdos,
690 1508 940 1589 recognoscimus
968 1529 1025 1592 per
1053 1518 1236 1591 praesentes
1265 1511 1396 1606 litteras,

453 1634 511 1678 nos
535 1633 576 1676 ex
598 1614 705 1677 favore
718 1617 750 1677 et
763 1611 1179 1680 benevolentiaOonrado
1202 1611 1304 1678 Celti
1326 1635 1398 1697 poe·

454 1721 508 1780 tae
530 1718 570 1780 ad
591 1738 681 1784 nsum
703 1720 735 1782 et
756 1718 919 1780 utilitatem
941 1737 1028 1782 suam
1044 1718 1262 1782 accomodasse
1284 1719 1398 1783 librum

456 1823 629 1906 quendam,
668 1823 700 1884 in
734 1843 793 1904 quo
828 1823 1004 1887 continetur
1036 1824 1163 1886 metrice
1196 1825 1228 1886 et
1260 1824 1401 1906 prosaica

458 1927 550 1990 editio
573 1928 734 2010 cujusdam
755 1927 910 2003 monialis,
940 1947 1031 2008 quem
1052 1927 1125 2010 ipse
1154 1927 1277 2010 proprio
1300 1928 1400 1989 chiro-

457 2033 576 2114 grapho
598 2033 686 2094 nobis
707 2033 846 2114 promisit
868 2052 902 2094 se
916 2032 1118 2108 redditurum,
1139 2037 1302 2114 postquam
1323 2051 1400 2094 usur

458 2136 568 2213 fuerit:
599 2141 631 2200 et
662 2136 886 2217 Norimbergaa
925 2136 1054 2220 provido
1094 2136 1161 2198 viro
1194 2136 1307 2199 ibidem
1340 2136 1402 2198 ciri

457 2240 616 2304 Friderioo
648 2240 845 2306 Rcsenritter
884 2241 1104 2323 praesentavit.
1159 2240 1197 2302 In
1231 2240 1323 2322 hujus
1354 2240 1403 2302 rei

458 2346 666 2410 testimonium
694 2347 774 2410 hanc
801 2346 939 2408 chartam
961 2365 1021 2426 ego
1050 2345 1227 2427 praedictus
1249 2345 1338 2408 Prior
1361 2345 1401 2406 si·

459 2449 534 2531 gillo
567 2449 726 2520 Prioratus
760 2449 952 2512 communivi.
1003 2450 1117 2512 Datum
1149 2449 1341 2532 Ratisponae
1370 2450 1403 2513 in
1515 2509 1516 2518 ,

459 2557 564 2616 nostro
587 2553 742 2630 coenobio,
765 2553 870 2634 quinta
892 2554 970 2616 feria
992 2557 1064 2616 ante
1086 2553 1200 2618 festum
1210 2553 1401 2618 Purificatic·

457 2657 506 2718 nis
528 2656 667 2738 Virginis
689 2657 808 2719 Mariae
830 2677 910 2720 anno
933 2659 1041 2721 salutis
1064 2655 1133 2720 94.“

417 2758 521 2824 Celtes
537 2763 597 2842 gab
620 2761 681 2824 deu
692 2759 800 2824 Codex
820 2763 935 2824 herous
945 2769 1037 2826 anter
1050 2763 1120 2826 dem
1132 2764 1228 2827 Titel:
1250 2761 1402 2845 „Opera

373 2864 569 2930 Hrosvite
600 2865 786 2929 illustris
818 2868 998 2948 virginis
1029 2877 1067 2932 ct
1094 2869 1282 2935 monialis
1310 2887 1403 2950 ger-

374 2987 484 3034 mane
516 2973 640 3050 gente
673 2971 868 3034 saxonica
901 2975 989 3036 orte
1018 2994 1147 3056 nuper
1174 2993 1193 3036 a
1223 2972 1403 3038 Conrado

376 3072 492 3136 Oelte
514 3074 699 3150 inuenta“
721 3076 785 3138 und
807 3094 856 3145 ern
879 3075 1022 3141 Sohluss:
1044 3079 1150 3155 „Finis
1173 3099 1300 3161 operum
1322 3079 1402 3142 Hro-

377 3177 498 3241 suithae
521 3178 708 3240 clarissimae
729 3179 860 3260 virginis
883 3181 1069 3244 &monialis
1092 3181 1294 3246 Germanicae
1309 3185 1405 3263 gente

377 3281 530 3346 Saxonica
553 3285 639 3346 ortae
659 3282 850 3371 Impressum
860 3285 1086 3370 Norunbergae
1101 3289 1158 3349 sub
1170 3288 1337 3368 Privilegio
1350 3286 1405 3350 So-

377 3387 513 3450 dalitstis
525 3385 974 3454 CelticaeaSenatuRhomani
983 3389 1111 3472 Imperii
1120 3392 1292 3475 impetrato.
1313 3391 1405 3454 Anno

378 3487 493 3554 Christi
500 3490 853 3576 Quingentesimoprimo
865 3515 959 3578 snpra
966 3493 1191 3558 Millesimum.“
1207 3494 1406 3560 Celteshatte

379 3594 440 3656 den
463 3591 570 3658 Codex
592 3597 683 3659 somit
703 3597 809 3662 sieben
832 3599 928 3662 Jahre
950 3600 981 3662 in
1004 3600 1064 3662 den
1086 3599 1229 3677 Hindsn,
1251 3601 1298 3662 bis
1320 3600 1406 3665 scine

378 3698 528 3779 Ausgabe
557 3701 715 3778 erschien‚
749 3722 855 3766 woran
886 3724 955 3766 zum
978 3704 1068 3768 Theil
1099 3703 1217 3768 Schuld
1246 3705 1302 3779 ist,
1335 3705 1408 3786 weil

380 3821 415 3864 er
447 3802 539 3865 keine
561 3803 722 3869 Abschriit
749 3826 810 3870 von
841 3807 1019 3890 demselben
1046 3809 1154 3886 nahm,
1186 3809 1322 3874 sondern
1354 3810 1407 3872 ihn

380 3907 478 3969 selbst
519 3908 575 3971 mit
618 3910 725 3972 seinen
769 3907 979 3974 Correkturen
1022 3914 1086 3976 und
1131 3911 1407 3979 Randbemerkun·

381 4033 443 4095 geu
478 4011 633 4076 versehen
666 4013 698 4076 in
739 4014 789 4076 die
821 4013 997 4078 Druckerei
1035 4020 1104 4098 gab.
1159 4017 1266 4082 Duroh
1305 4018 1407 4080 dieses

380 4169 588 4185 *ιιι-ι-

408 4256 432 4310 1)
445 4253 538 4310 Eugeib.
551 4251 681 4309 xlspter,
696 4253 723 4296 de
738 4253 782 4297 rita
799 4255 1098 4310 storripttsConradit'aelsss
1109 4256 1218 4314 Proiecit,
1230 4255 1330 4314 poian
1344 4268 1365 4311 p.
1375 4257 1408 4302 78.
