3022 4982
783 539 999 612 ..M-.-

470 722 559 802 „Non
581 741 678 807 parvo
701 739 771 786 cum
791 722 836 786 sis
855 719 957 805 junior
978 724 1014 785 tu
1034 721 1172 803 tempore
1194 716 1325 782 nobis?“

469 828 559 900 Quae
580 830 664 904 tunc,
685 831 720 889 ut
741 846 872 910 semper,
894 829 974 888 bene
996 826 1141 888 sustinuit
1161 823 1325 906 patienter,

382 929 454 998 510.
466 931 553 995 Talia
574 950 632 994 neo
653 933 750 993 verbo
769 933 833 1013 jum
854 929 1085 992 contradixerat
1105 928 1177 990 ullo.

510 1035 627 1098 Astans
649 1035 704 1096 sed
727 1035 815 1098 citius
838 1038 942 1096 eustos
963 1053 1085 1114 semper
1106 1033 1164 1094 sibi
1185 1032 1274 1106 fidus,

467 1141 609 1221 Angelus
626 1140 781 1219 astrigera
802 1139 948 1220 dilapsus,
971 1139 1058 1213 dixit,
1081 1139 1119 1198 ab
1141 1137 1227 1198 aula:

468 1246 558 1324 „Non
580 1249 621 1322 te,
643 1245 751 1326 Virgo,
772 1263 859 1324 rogo,
881 1245 1064 1324 perturbent
1084 1242 1158 1304 talia
1179 1241 1284 1316 uerba,

467 1351 571 1427 „letae
593 1351 735 1431 percerte
758 1347 829 1429 quia
850 1349 956 1408 vatum
976 1367 1061 1408 more
1082 1347 1213 1420 locutae,
1320 1417 1322 1420 v

382 1451 454 1518 515.
466 1455 557 1531 „Jam
578 1473 660 1514 nnnc
680 1469 836 1534 praesaga
857 1448 999 1513 dicebant
1020 1470 1099 1513 voce
1121 1451 1234 1522 subire,

468 1557 535 1632 „Tu
551 1556 622 1637 quia
642 1556 708 1617 sola
728 1558 872 1638 potenter
894 1555 955 1616 eris
976 1555 1086 1634 regina
1107 1551 1255 1634 perennis

467 1660 615 1736 „Necnon
637 1659 789 1740 stelligeri
811 1659 996 1722 dominatrix
1018 1658 1134 1740 inclyta
1155 1657 1259 1720 coelit‘

509 1761 585 1826 Post
606 1765 683 1825 haee
705 1767 826 1826 secreta
847 1764 975 1825 sedebat
994 1763 1026 1824 in
1048 1763 1125 1822 aede
1148 1747 1260 1841 quieta,

467 1866 645 1950 Purpureos
668 1868 772 1948 digitis
794 1869 862 1930 filos
883 1887 1015 1950 operans
1035 1865 1214 1928 benedictis.

382 1969 454 2037 520,
464 1972 607 2052 Angelus
629 1976 661 2034 et
683 1992 817 2037 summus
840 1970 988 2034 Gabrihel
1012 1969 1226 2051 conspectibus
1248 1969 1317 2049 ejus

467 2076 583 2151 Astiti,
605 2077 758 2156 astrigera
780 2077 934 2138 coelorum
954 2076 1061 2158 lapsus
1084 2076 1122 2135 ab
1145 2073 1225 2147 aula,

467 2180 713 2261 Virgineumque
735 2180 830 2242 decus
851 2182 956 2242 verbis
978 2179 1088 2240 affatur
1110 2176 1222 2251 amicis,

468 2284 565 2346 Juxta
586 2287 773 2359 cunctorum,
795 2303 935 2357 narrans,
959 2283 1082 2344 oracula
1100 2283 1207 2342 votnm

468 2387 572 2469 Ipsius
595 2407 612 2448 e
635 2390 720 2449 casto
742 2389 828 2449 nasci
850 2387 1007 2468 dignarier
1029 2386 1099 2447 alvo

382 2487 634 2552 525‚Altithroni
654 2492 773 2573 prolem
793 2493 907 2554 mundo
929 2491 1004 2553 satis
1027 2489 1237 2569 antiquiorem,

468 2594 672 2681 Virgineique
692 2596 814 2658 modum
836 2599 943 2678 partus
964 2596 1072 2656 narrat
1093 2591 1331 2654 memorandum.

509 2698 596 2778 Ergo
618 2716 680 2760 non
701 2700 815 2760 nostris
837 2699 916 2781 potis
939 2704 987 2760 est
1008 2697 1158 2778 exponier
1180 2695 1257 2756 orsis

467 2801 577 2863 Nobile
600 2801 792 2882 colloquium,
814 2804 908 2882 longo
930 2820 1071 2864 sermone
1089 2802 1257 2881 peractum,
1389 2850 1393 2854 .
1503 2781 1504 2870 J

468 2904 607 2984 Virginis
630 2908 785 2982 aeternae,
808 2905 922 2968 Christi
942 2906 1049 2968 metris
1070 2905 1260 2978 benedictae,

382 3004 454 3069 530.
466 3007 578 3070 Partus
601 3013 633 3070 et
653 3011 732 3071 tanti
754 3029 842 3072 sacra
863 3010 1019 3073 narrantis
1041 3007 1260 3092 paranymphi.¹

468 3111 530 3174 Sed
551 3133 610 3174 nec
633 3113 792 3196 dactylicis
815 3135 891 3197 opus
915 3120 963 3178 est
983 3139 1039 3179 nos
1062 3115 1195 3198 psallere
1219 3109 1341 3173 chordis

465 3213 615 3296 Magnum
635 3237 807 3280 moerorem
829 3220 946 3302 Joseph
967 3222 1137 3300 durumque
1160 3218 1305 3288 dolorem,

465 3318 597 3382 Frustra
620 3321 805 3385 cordetenus
827 3345 887 3405 quo
906 3325 971 3405 jam
992 3326 1095 3386 fuerat
1115 3321 1278 3394 cruciatus,

466 3424 573 3487 Talem
594 3429 666 3488 dum
688 3429 850 3508 grauidam
872 3429 1021 3490 sensisset
1041 3429 1121 3490 forte
1143 3425 1285 3508 puellam.

381 3521 452 3589 535.
470 3528 611 3598 Qualiter
633 3533 665 3592 et
685 3532 783 3594 tristis
805 3525 923 3594 solatur
944 3536 1082 3615 tempore
1104 3530 1212 3604 noctis,

466 3630 606 3711 Virginis
628 3634 771 3709 intactae,
790 3635 905 3716 jussus,
929 3655 1034 3698 curam
1054 3636 1199 3710 retinere,

465 3732 605 3814 Virginis
628 3739 659 3797 et
680 3738 755 3812 nati,
778 3739 865 3798 nobis
888 3740 927 3802 de
950 3740 1052 3800 sidere
1072 3738 1166 3800 missi.

337 3859 345 3868 ·
464 3835 554 3900 Haeo
576 3841 749 3920 evangelici
771 3842 984 3904 demonstrant
1005 3845 1116 3906 cuncta
1137 3839 1242 3915 libelli,

464 3939 596 4004 Nostrae
618 3945 650 4004 et
671 3944 800 4025 fragiles
822 3946 979 4010 excedunt
1001 3947 1134 4030 denique
1155 3945 1248 4008 vires.

379 4063 559 4076 ——u-——upn-

392 4129 440 4172 ata.
455 4140 565 4184 pertusa,
578 4129 609 4173 Μ.
624 4143 646 4171 ιι.
666 4130 690 4172 Ρ.
709 4133 756 4176 518.
771 4133 903 4184 sedebat,
920 4147 993 4188 urspr.
1009 4137 1030 4176 ln
1043 4136 1087 4189 M„
1102 4137 1160 4178 daun
1175 4149 1217 4179 von
1233 4141 1333 4192 spiterer
1347 4139 1411 4180 linud

471 4200 575 4252 eerrlgirt
589 4201 610 4239 lu
623 4201 793 4257 tandeim
811 4203 930 4260 uidebar,
944 4205 984 4258 P.;
1001 4207 1161 4261 renideant,
1176 4206 1199 4252 C.
1215 4220 1237 4253 u.
1256 4205 1278 4250 S.
1296 4210 1343 4255 5¹22·
1358 4203 1411 4250 vlt·

474 4270 591 4326 glneuur
605 4269 680 4327 decus,
695 4269 720 4317 C.
737 4283 759 4314 u.
773 4269 796 4314 S.
1293 4299 1300 4308 -
