3022 4982
514 547 729 622 ...or-

197 732 262 800 Sed
283 731 355 798 talis
377 749 508 817 poenam
531 733 651 798 conlert
672 731 801 799 audacia
822 733 956 819 diguam,

196 841 380 922 Dextraque
401 840 543 902 continuo
565 841 746 922 temptatrix
769 843 927 906 debilitata

195 944 324 1027 Ingenti
345 947 429 1006 certe
452 945 607 1006 cruciatur
626 946 697 1026 jure
720 947 833 1008 dolore.

112 1047 181 1113 610.
194 1049 282 1111 Tunc
305 1047 435 1125 Salome,
459 1050 593 1110 clamans
617 1051 716 1112 animo
739 1053 895 1114 subtristis
917 1069 1029 1128 amaro,

195 1154 360 1216 Deiectum
382 1154 512 1214 dextrae
534 1155 667 1216 subitum
690 1155 817 1218 deflevit
838 1157 1002 1238 ademptae

195 1257 345 1338 Morsque
369 1258 498 1320 Judaioo
519 1260 677 1340 proprium
698 1261 840 1322 meritum
862 1261 1019 1324 recitando

198 1362 338 1438 Necnon,
358 1361 477 1443 justitia
500 1365 549 1423 sat
571 1364 726 1426 confidens
749 1365 899 1440 simulata,

195 1466 284 1526 Talia
306 1465 492 1527 celsithrono
514 1465 615 1527 fertur
636 1469 711 1530 dare
733 1470 830 1530 verba
852 1469 1000 1532 dolendo:

112 1565 181 1631 615.
194 1570 316 1646 „Testis
340 1573 518 1630 cunctorum
540 1573 772 1652 consolatorque
794 1573 942 1649 laborum,

194 1673 261 1750 „Tu
284 1673 353 1749 sciS,
376 1673 550 1755 praeceptis
572 1674 692 1736 fueram
714 1677 795 1756 quod
818 1677 926 1738 sedula
948 1678 1036 1756 legis,

193 1778 364 1858 „Quodque
386 1779 432 1840 tui
454 1795 547 1839 causa
570 1799 692 1862 semper
714 1782 834 1842 fueram
854 1785 933 1844 bene
955 1783 1045 1861 larga

193 1883 405 1964 „Pauperibus
429 1883 555 1960 cunctis,
578 1885 666 1945 lectis
690 1885 728 1946 da
749 1885 862 1947 finibus
885 1886 975 1962 orbis,

192 1986 275 2062 „Qui
295 2007 438 2048 moerens
460 1988 554 2062 venit,
578 1988 616 2048 de
638 2007 687 2048 me
710 2009 831 2069 quoque
853 1990 963 2051 laetior
985 1990 1050 2066 ivit,

112 2087 180 2151 620.
192 2090 253 2167 „Et
274 2111 356 2152 nuuc
377 2091 565 2173 promeritis
587 2092 687 2172 patior
702 2092 866 2173 dampnum
888 2113 986 2174 grave
1007 2094 1138 2155 tantis'l‘

236 2192 293 2256 Cui
314 2215 386 2256 mox
409 2213 562 2276 apparens
581 2196 706 2276 juvenis
727 2197 924 2278 praelucidus
946 2197 1029 2259 infit:

192 2297 395 2375 „Panniculos
416 2299 506 2380 pueri
528 2299 714 2360 solummodo
736 2302 830 2380 tange
852 2301 968 2376 tenelli,

191 2403 374 2480 „Accedens
396 2403 471 2464 istas
495 2403 533 2464 ad
555 2405 679 2483 regales
702 2404 761 2465 cito
784 2423 888 2480 cunas,

192 2507 345 2590 „Ipseque
366 2507 475 2588 majori
497 2509 528 2568 te
550 2509 695 2570 restituet
717 2509 868 2570 sanitati.“

113 2607 279 2672 caduceo
301 2612 354 2673 ubi
371 2613 460 2693 jussa
482 2611 548 2686 sibi,
572 2611 710 2692 sequitur
733 2613 879 2674 solamina
902 2613 1019 2674 dantis:

193 2713 363 2795 Tangendo
384 2715 539 2776 minimum
560 2733 731 2797 pannorum
753 2716 884 2796 denique
906 2715 991 2778 illum

192 2818 303 2895 Sensit,
327 2839 361 2880 se
385 2819 484 2880 subito
507 2821 625 2879 salvam
646 2819 714 2880 sore
737 2839 865 2902 corpore
886 2823 959 2894 toto,

191 2923 232 2985 Et
253 2927 360 3004 grates
382 2923 511 2984 Domino
533 2923 683 2985 reddebat
705 2943 782 2984 voce
804 2943 925 2999 canora,
1024 2921 1027 2927 ’

192 3027 252 3098 Qui
275 3026 332 3089 sibi
355 3027 499 3108 dignatus
520 3027 614 3088 talem
636 3027 777 3089 conferre
800 3027 938 3091 salutem.

468 3229 470 3234 Ι
518 3217 723 3232 m

191 3318 316 3419 ordine
339 3356 459 3438 digesto
482 3359 643 3439 postquam
665 3359 723 3420 fuit
745 3379 820 3438 ergo
843 3359 963 3443 repleta

189 3459 275 3522 Visio
297 3463 463 3543 pastorum,
485 3461 607 3541 signum
629 3463 749 3524 srbimet
771 3483 892 3544 quoque
914 3463 1027 3525 dictum

189 3565 235 3626 Da
258 3583 354 3647 parvo
376 3585 473 3647 puero
495 3565 696 3647 praesepibus
718 3565 912 3642 inveniendo,

190 3667 291 3750 Ipsius
314 3668 403 3750 pueri
423 3688 543 3749 quoquc
567 3669 754 3732 circumcisio
778 3667 899 3747 Christi,

189 3771 327 3834 Nominis
350 3775 442 3853 atque
465 3771 512 3832 sui
534 3773 659 3854 fulgens
683 3775 797 3856 aptatio
819 3775 932 3856 magni,

111 3869 176 3935 635.
186 3873 292 3955 Reges
315 3875 471 3955 astrologi,
495 3876 567 3938 solis
590 3877 628 3937 de
652 3877 777 3938 cardine
797 3878 879 3954 lecti,

189 3978 355 4041 Advenere
377 3981 470 4060 magi,
493 3979 653 4042 stellarum
674 3978 746 4063 lege
768 3981 868 4064 periti,
986 3971 991 3988 ‘

111 4131 282 4146 ——0-——u-

135 4217 178 4258 bob
191 4218 329 4273 palmare,
345 4220 368 4262 C.
385 4231 405 4260 o.
421 4221 443 4262 S.
473 4219 519 4262 608.
533 4219 615 4260 Dextra
629 4225 673 4260 est
690 4223 802 4274 continuo,
821 4221 844 4264 0.
861 4233 883 4264 u.
901 4220 924 4262 S.
951 4221 998 4263 619.
1015 4219 1128 4262 leetlor

196 4289 240 4344 ivit,
255 4289 285 4336 Μ.
312 4291 360 4335 521.
374 4292 385 4344 (
400 4295 411 4344 'J
425 4287 463 4344 Ἣ,
478 4289 516 4341 CA
530 4288 588 4343 0111,
605 4289 628 4332 S.
654 4289 923 4344 615.ιιΙόωίιη,Μ.
939 4299 961 4333 u.
977 4287 1001 4330 Ρ.
1022 4290 1025 4300 ’
