3048 4980
496 523 733 598 2337-

181 707 343 771 Hactenus
366 707 504 772 Oddonis
526 710 635 772 famosi
657 709 790 792 denique
811 705 902 790 regis⁴

184 811 292 890 Gesta,
314 813 389 876 licet
411 815 497 876 tenui
518 813 618 891 Musa,
641 815 739 876 cecini
759 813 953 876 modulando.

92 914 170 979 880.
186 917 280 979 Nunc
301 919 464 979 scribenda
486 919 610 998 quidem
632 921 782 994 constant,
806 937 884 1000 quae
907 919 1027 982 fecerat
1047 920 1130 984 idem

183 1021 356 1101 Augustus,
380 1022 489 1084 solium
511 1022 649 1083 retinens
670 1022 702 1083 in
723 1023 843 1084 vertice
864 1041 984 1102 rerum3

184 1127 329 1206 Tangere
352 1145 431 1208 quae
454 1145 575 1202 vereor,
599 1127 671 1208 quia
692 1127 824 1188 femineo
846 1127 1031 1208 prohibebor

185 1229 286 1308 Sexu3
309 1250 367 1292 nec
388 1230 443 1292 vili
465 1232 579 1292 debent
600 1250 741 1292 sermone
763 1231 892 1308 revolvi,

185 1335 328 1406 Qualiter
350 1333 458 1397 invicti
480 1335 557 1397 duro
579 1335 746 1396 luctamine
767 1335 842 1396 belli

96 1437 173 1504 885.
189 1438 329 1502 Obtinuit
351 1443 529 1502 constructa
550 1439 625 1500 locis
648 1441 777 1500 castella
798 1437 932 1515 marinis,

185 1543 274 1614 Quae
295 1543 507 1624 Beringarius‚
530 1545 644 1626 conjux
665 1543 803 1625 possedit
825 1543 856 1605 et
876 1543 951 1625 ejus,

183 1646 232 1708 Ac
254 1647 347 1723 illum,
367 1647 542 1728 juramento
566 1650 697 1728 cogente
718 1651 853 1730 peracto,

184 1750 271 1812 Misit
292 1751 324 1812 in
347 1751 474 1812 exilium
494 1752 608 1812 misera
630 1771 699 1812 cum
722 1755 853 1834 conjuge
875 1751 989 1830 Willa3

186 1853 329 1924 Qualiter
352 1860 383 1917 et
404 1856 482 1918 recti
499 1858 696 1938 'conpunctus
718 1856 857 1917 acumine
879 1855 940 1918 aeli

96 1954 170 2020 890.
186 1956 343 2020 Summum
364 1961 547 2041 pontificem,
571 1960 722 2040 quaedam
744 1979 895 2043 perversa
916 1960 1100 2041 patrantem,

184 2061 262 2146 Ejus
284 2083 342 2125 nec
363 2059 484 2126 monitis
507 2063 686 2143 dignantem
708 2063 820 2125 cedere
842 2063 969 2142 crebris,

187 2165 276 2228 Sedis
299 2168 485 2250 apostolicae
505 2168 644 2229 fraudari
663 2168 738 2230 fecit
759 2169 885 2242 honere,

187 2267 384 2333 Constituere
406 2273 507 2348 alium,
530 2275 659 2334 rectoris
681 2271 802 2333 nomine
826 2271 969 2350 dignum

189 2373 332 2444 Qualiter
356 2377 386 2437 et
407 2396 505 2456 regno
529 2375 694 2458 tranquilla
715 2395 792 2459 pace
815 2375 918 2456 quieto

97 2473 173 2541 895.
186 2477 350 2540 Nostrates
370 2481 486 2557 adiens,
507 2480 571 2541 illic
591 2480 764 2560 iterumque
785 2482 958 2555 revertens,

187 2581 317 2644 Necnon
337 2585 495 2646 amborum
515 2583 653 2646 retinens
676 2584 770 2645 decus
791 2584 997 2665 imperiorum,

186 2683 289 2767 Ipsius
311 2687 430 2768 prolem
451 2688 628 2770 pastillum
646 2688 711 2769 jam
732 2688 918 2762 venientem,

189 2787 315 2852 Scilicet
338 2791 506 2869 Oddonem‚
529 2792 663 2854 nutricis
680 2793 717 2853 ab
739 2793 836 2852 ubere
856 2809 973 2871 regem,

188 2894 240 2956 Ad
260 2895 363 2958 fasces
384 2897 557 2977 augustalis
579 2896 725 2978 provexit
745 2895 870 2957 honoris

99 2994 174 3060 900.
188 2997 403 3080 Exemploque
426 3000 473 3062 sui
495 3001 589 3081 digne
611 3001 685 3062 iecit
705 2999 855 3062 benedici.

189 3101 278 3163 Haec
300 3103 395 3184 igitur
416 3104 529 3166 nostris
550 3105 710 3186 nequeunt
732 3101 881 3185 exponier
904 3101 991 3178 orsis,

104 3273 105 3284 χ
191 3205 254 3268 Sed
277 3210 429 3287 quaerunt
451 3209 563 3270 seriem
583 3208 677 3290 longe
700 3209 758 3270 sibi
778 3207 966 3270 nobiliorem

193 3309 275 3372 Hinc
298 3331 365 3391 ego,
388 3314 543 3372 tantarum
564 3312 747 3393 prohibente
770 3311 941 3392 gravedine
963 3327 1077 3418 rerum,

190 3411 246 3477 Ult
232 3416 282 3475 tra
302 3417 399 3476 nont
385 3415 495 3491 tendo,
518 3415 611 3478 finem
632 3415 688 3476 sed
709 3415 838 3496 provide
860 3433 949 3496 pono,

103 3514 177 3580 905.
200 3516 275 3580 Post
297 3518 375 3580 haec
395 3521 518 3602 incepto
540 3541 581 3582 ne
604 3521 800 3582 succumbam
821 3521 902 3580 male
924 3517 1016 3580 victa

191 3619 484 3686 His1tafin1'tistet
505 3629 635 3687 summat
636 3626 678 3686 im
699 3624 865 3706 replicatis,

190 3725 280 3788 Est
237 3729 382 3806 tangens
403 3729 488 3808 regis
510 3729 610 3812 pictas
632 3730 748 3792 oranda
769 3725 924 3809 perennis,

190 3829 260 3900 Quo
282 3831 353 3914 pius
375 3833 524 3912 augustos
546 3836 686 3915 praestet
707 3833 862 3894 deducere
884 3831 1007 3894 nostros

130 4069 180 4115 882.
195 4071 242 4123 qul
256 4072 311 4112 stell
327 4069 405 4124 qula,
420 4070 481 4125 mag
497 4070 528 4113 M.
542 4083 565 4114 u.
579 4071 604 4116 P.
627 4073 696 4114 sowie
716 4071 751 4113 dle
765 4071 885 4126 Ausgaben
898 4069 972 4110 baben
986 4065 1060 4120 qula.
1087 4061 1135 4111 895·

191 4141 333 4194 illine,R.
359 4141 784 4196 swalenerventehurnc.‚1t.
805 4155 821 4184 u
848 4141 872 4186 S.
898 4141 945 4184 903.
961 4135 1137 4190 argumente.

185 4223 247 4267 ego,
267 4212 298 4257 Μ.
312 4224 334 4254 ιι.
348 4211 374 4254 P.
397 4212 1077 4270 eoc.augu=tu··no·tro·,o1.u.effusurum
1095 4216 1137 4248 Μ·

191 4288 292 4341 atrum,
307 4284 339 4338 c„
353 4283 379 4326 a
393 4295 416 4326 u.
429 4282 453 4327 S.
890 4335 932 4400 22
