3010 4978
517 519 756 588 -165.-

484 693 787 757 Constantinus.

114 785 156 850 Ut
177 786 262 847 libet.

503 863 755 928 Gallicanus.

112 973 209 1046 Ecce,
242 973 339 1033 habes
367 969 635 1050 quadruplicatum
658 969 845 1048 exereitum,
876 968 998 1036 christo
1020 971 1148 1036 favente

113 1079 144 1139 et
165 1095 216 1136 me
239 1075 407 1135 laborante.
451 1072 575 1147 Patere,
588 1071 628 1153 ω)
651 1074 686 1133 ut
706 1093 790 1134 nunc
812 1073 940 1136 militem
960 1074 1147 1156 imperatori,

114 1181 202 1259 eujus
219 1177 378 1258 juvamine
398 1174 467 1249 vici,
481 1174 521 1256 ω)
538 1177 570 1235 et
586 1175 636 1236 cui
652 1176 758 1251 debeo,
772 1176 916 1256 quiequid
930 1177 1063 1238 feliciter
1073 1177 1147 1240 vixi

480 1275 776 1340 Constantinus.

111 1384 219 1466 Ipsum
243 1383 334 1444 decet
360 1384 428 1443 laus
451 1383 483 1443 et
500 1361 657 1462 jubilant,
685 1381 744 1463 ipsi
767 1382 860 1446 debet
881 1381 1024 1446 famulari
1046 1383 1143 1446 omnis

112 1489 264 1548 creatura.

508 1567 755 1632 Gallicanus.

112 1675 173 1737 Sed
196 1674 243 1735 illi
263 1674 469 1756 potissimum,
500 1674 568 1754 quis
595 1674 626 1734 in
655 1674 840 1736 necessitate
862 1673 981 1756 largius
1003 1677 1144 1758 praestat

110 1777 269 1840 auxilium.

483 1859 766 1924 contantinus.

112 1968 156 2032 Ut
177 1966 303 2029 asseris.

500 2047 751 2112 Gallicanus.

108 2158 236 2219 Partem
257 2153 471 2236 possessionis,
489 2171 568 2234 quae
590 2154 630 2214 ad
651 2154 731 2216 filias
752 2154 896 2236 pertinet,
920 2153 1048 2236 excipio,
1071 2175 1142 2237 par·

109 2264 234 2339 temque
256 2259 297 2318 ad
328 2256 556 2337 susceptionem
585 2257 821 2338 peregrinorum
841 2257 915 2318 mihi
936 2277 1082 2336 reservo,
1104 2259 1144 2320 de

109 2364 228 2442 reliquo
241 2359 281 2442 ⁵⁴)
310 2359 450 2440 proprios
472 2378 590 2432 servos,
620 2359 765 2420 libertate
788 2360 927 2436 donatos,
955 2361 1048 2424 ditari
1068 2380 1143 2444 pau-

109 2483 282 2548 perumque
304 2462 507 2524 necessitates
529 2463 600 2522 velo
623 2463 798 2524 sustentari

473 2563 776 2628 Constantinus.

113 2671 291 2734 Prudenter
325 2687 470 2749 possessa
500 2668 645 2749 disponis,
678 2689 736 2729 nec
770 2687 884 2750 expers
913 2669 970 2730 fies
998 2671 1145 2732 aeternae

109 2772 330 2835 retributionis.

385 2939 388 2944 ,
506 2873 757 2938 Gallicanus.

109 2980 168 3042 Me.
184 2980 287 3060 ipsum
309 2979 403 3040 cb'am
424 2980 530 3040 sancto
548 2979 615 3040 viro
626 2978 798 3053 Hilariano,
817 2977 850 3038 in
868 2978 945 3039 urbe
958 2975 1094 3040 Ostiensi
1104 2978 1145 3059 ⁵⁵)

109 3083 303 3146 individuum
325 3082 461 3144 sodalem
483 3081 577 3142 ardeo
601 3081 785 3142 associatum
808 3081 855 3156 iri,
879 3099 938 3159 quo
960 3081 1074 3142 ibidem
1094 3101 1144 3142 rc-

110 3188 230 3269 liquum
244 3185 328 3247 vitae
346 3185 377 3244 in
389 3185 448 3245 Dei
467 3185 559 3245 laude
577 3202 809 3264 pauperumque
820 3201 930 3246 vacem
941 3184 1144 3265 susceptione.

479 3285 781 3348 Constantinus.

112 3392 254 3474 Simplex
275 3391 364 3466 Esse,
388 3390 437 3452 cui
460 3375 583 3471 semper
612 3392 660 3451 est
681 3409 782 3471 posse,
812 3389 893 3450 sinat
913 3387 959 3450 tui
981 3407 1051 3450 csse
1072 3407 1144 3470 pro·

111 3497 211 3578 speris
235 3495 480 3556 successionibus
499 3495 510 3576 j
559 3495 591 3554 ta
613 3493 661 3554 sui
682 3493 766 3553 velle
788 3493 906 3571 vigere,
941 3494 973 3552 et
994 3493 1146 3573 perducat

112 3603 143 3661 te
166 3600 206 3660 ad
230 3598 344 3678 gaudia
367 3597 568 3673 aeternitatis,
591 3595 642 3676 qui
663 3601 776 3675 regnat
798 3598 830 3657 et
852 3595 1003 3676 gloriatur
1022 3596 1054 3658 in
1076 3595 1143 3657 uni-

111 3705 174 3764 tate
198 3700 367 3762 Trinitatis.

503 3800 752 3866 Gallicanus.

112 3891 221 3952 Amen.

136 4095 176 4145 52)
192 4092 271 4132 Patere
288 4102 322 4131 mo
337 4101 395 4130 rrnnc
410 4091 516 4142 militem,
533 4090 557 4132 C.
564 4103 587 4131 u.
594 4088 618 4130 S.
644 4091 682 4144 5³)
699 4089 765 4139 cuins
776 4090 892 4140 juvamine
905 4098 979 4131 nuuc
992 4088 1043 4139 vicl,
1057 4087 1080 4129 c.
1089 4099 1111 4130 u.
1119 4085 1144 4130 S.

137 4160 176 4214 bi]
191 4160 342 4212 relinquo,
366 4159 396 4202 Μ.
419 4172 440 4200 u.
458 4160 482 4202 Ρ.
509 4161 548 4212 ὢ)
566 4158 696 4211 ortensi,
711 4159 742 4200 Μ.
772 4157 1040 4213 u.1³.;o=cenal,c.
1059 4167 1082 4200 υ.
1104 4155 1143 4211 8.;

192 4228 339 4280 Ostiensi,
359 4228 419 4285 Mg.3
435 4241 453 4272 ι.
469 4229 516 4272 ser.
534 4228 609 4274 sinet.
623 4229 685 4274 lusu
700 4232 752 4272 tom.
767 4229 799 4283 V„
816 4241 838 4284 p.
852 4230 886 4274 Ξ.
