3048 4980
512 523 751 590 -2297-2.

520 699 744 764 Matronae.
774 725 777 735 ·

115 803 175 866 Vis
197 803 356 868 nobiseum
378 803 485 868 abire?

523 907 747 991 Sapientia.

113 994 253 1058 Minime.

522 1081 745 1146 Matronae.

113 1185 158 1248 Et
182 1186 255 1267 quid
276 1185 436 1248 meditaris
460 1187 582 1266 agere?

529 1287 746 1371 Sapientia.

114 1391 180 1454 Hie
210 1412 386 1470 remanere,
417 1393 443 1454 si
470 1393 550 1456 forte
572 1383 678 1456 veniat
699 1413 768 1456 mea
790 1393 897 1476 petitio
921 1395 952 1458 et
974 1394 1149 1478 impleatur,

115 1497 201 1578 quod
223 1497 374 1559 desidere.

530 1583 748 1646 Matronae.

114 1675 202 1759 Quid
223 1689 328 1772 petis?
352 1687 435 1760 Quid
456 1689 640 1750 desideras?

528 1791 751 1874 Sapientia.

114 1894 156 1957 Id
179 1896 377 1973 solummod0,
399 1899 435 1959 ut
456 1897 593 1958 oratione
617 1897 768 1978 compieta
788 1895 903 1957 moriar
924 1895 954 1957 in
978 1893 1109 1959 Christo.

521 1999 602 2062 Mat
589 2003 741 2062 t.ronae

116 2103 242 2180 Restat
220 2106 299 2167 tut
265 2107 435 2186 utexpee
437 2123 531 2180 emus,
555 2105 652 2166 donee
676 2107 706 2166 et
727 2105 759 2166 te
782 2103 961 2185 sepulturae
984 2105 1151 2167 tradamus.

524 2207 748 2289 Sapientia.

117 2311 163 2376 Ut
185 2299 285 2372 libet
312 2311 458 2393 Adonay‚
480 2309 670 2387 Emmanuel,
694 2331 785 2392 quem
806 2313 890 2372 retro
914 2314 1052 2393 tempora
1074 2311 1150 2374 divi·

115 2416 199 2476 uitas
226 2414 322 2478 edidit
339 2414 567 2497 Omniparentis
591 2419 623 2478 et
642 2417 675 2477 in
697 2418 835 2498 tempore
857 2415 1020 2495 virginitas
1032 2415 1072 2497 ⁶³)
1095 2435 1150 2495 ge-

113 2519 186 2582 nuit
207 2520 323 2595 matris,
347 2520 398 2600 qui
420 2540 461 2580 ex
484 2520 602 2581 duabus
624 2521 742 2582 naturis
765 2539 846 2582 uuus
863 2515 1003 2580 Christus
1023 2507 1150 2580 mirifice

118 2623 272 2700 sensistis,
301 2643 360 2684 neo
393 2623 574 2684 diversitaet
606 2627 788 2685 naturarum
816 2623 916 2686 unitat
884 2642 966 2684 aem
997 2640 1150 2702 personae

112 2726 276 2803 dividens,
305 2745 364 2787 nee
396 2726 515 2789 unitaet
498 2743 698 2809 epersonae
729 2727 943 2789 diversitatem
969 2729 1150 2786 naturarum

112 2829 317 2906 confundens,
340 2830 396 2891 tibi
414 2830 555 2912 jubilet,
549 2831 677 2892 ooouda
699 2831 850 2892 serenitas
873 2831 1058 2910 angelorum
1080 2829 1147 2891 dul·

112 2934 221 3013 eisque
244 2933 402 2994 harmonia
424 2933 605 3010 siderum,t
593 2944 623 2996 e
646 2955 767 3016 quoque
791 2935 986 2996 collaudett
988 2933 1067 2995 otius
1091 2931 1149 2994 sei·

110 3037 184 3098 bilis
206 3036 253 3098 rei
275 3036 405 3098 seientia
428 3056 587 3118 omneque,
624 3040 705 3118 qnod
728 3058 769 3099 ex
793 3039 1015 3098 elementorum
1037 3037 1149 3099 forma·

46 3219 50 3224 Ι
111 3143 164 3202 tur
195 3141 340 3216 materia,
372 3141 443 3220 quia
470 3142 520 3216 tu,
552 3142 604 3222 qui
637 3142 721 3204 solus
752 3161 821 3202 oum
849 3141 943 3203 Patre
973 3143 1004 3202 et
1033 3139 1149 3220 Spiritu

111 3245 221 3304 saneto
245 3263 279 3303 es
301 3244 400 3305 forma
421 3243 488 3304 sine
508 3245 639 3306 materia
662 3265 703 3306 ex
721 3245 824 3306 Patris
845 3245 1006 3306 voluntate
1029 3247 1061 3304 et
1080 3242 1148 3326 Spi-

110 3347 192 3408 ritus
222 3347 321 3407 saueti
343 3348 567 3428 cooperatione,
598 3368 660 3408 uon
682 3349 829 3429 respuisti
851 3347 918 3409 fieri
940 3347 1028 3408 homo
1051 3346 1149 3427 passi·

115 3449 187 3512 bilis
210 3451 408 3526 humanitate,
431 3451 518 3512 salva
540 3450 709 3513 divinitatis
731 3448 1028 3532 inpassibilitate‚⁶⁴)
1051 3451 1090 3524 et,
1113 3451 1150 3512 ut

110 3554 217 3616 nullus
238 3553 271 3615 in
294 3557 325 3615 te
348 3554 539 3616 eredentium
561 3555 692 3636 periret,
722 3555 778 3616 sed
807 3555 903 3616 omnis
925 3553 1024 3614 fideh's
1048 3559 1148 3614 aeter·

110 3657 227 3719 naliter
248 3658 380 3732 viveret,
399 3661 528 3719 mortem
543 3661 680 3720 nostram
695 3677 757 3720 non
774 3659 960 3739 dedignatus
973 3676 1006 3718 es
1019 3660 1148 3737 gustare

110 3765 230 3842 tuaque
262 3761 490 3823 resurrectione
521 3781 711 3824 consumere.
755 3761 800 3824 Te
834 3763 940 3836 etiam,
972 3761 1148 3843 perfeetum

118 3865 222 3928 Deum
243 3865 458 3946 hominemque
480 3867 722 3941 verum,reeolo,
734 3865 910 3946 promisisse
933 3863 1080 3938 omnibns,
1096 3861 1149 3944 qui

115 3990 175 4052 pro
197 3970 244 4032 tui
265 3969 396 4032 nominis
417 3969 619 4031 veneratione
641 3970 693 4031 vel
711 3971 856 4032 terrenae
873 3988 965 4030 nsum
979 3965 1147 4049 possessio·

136 4191 176 4245 63)
192 4189 223 4234 Μ,
238 4189 278 4232 hat
292 4189 354 4232 nieht
368 4189 564 4245 virglnitntm
579 4203 598 4233 a.
609 4189 656 4247 ug.
671 4203 693 4246 p.
708 4189 754 4236 446.
770 4189 836 4234 Anm.
850 4201 870 4235 a.
897 4188 935 4244 64)
949 4187 1072 4231 divinitati·
1088 4197 1144 4242 pas·

192 4260 363 4316 sibiiitate,
378 4259 401 4302 C.
416 4271 438 4304 u.
455 4258 478 4302 S.
