3010 4978
510 523 746 592 ..169-

528 699 723 764 Julianus.

100 800 157 864 Ad
180 803 259 864 haeo
279 822 328 864 me
349 823 412 864 non
434 803 552 883 cogitis.

516 905 732 971 lohannes

100 1007 192 1071 Ideo¹
204 1009 266 1070 illis
286 1027 321 1070 es
343 1007 507 1071 dissimilis.
721 1012 726 1019 ’

546 1113 706 1175 Paulus.

102 1215 188 1278 Nam
211 1216 282 1296 quia
293 1216 334 1297 ο7)
357 1217 561 1278 adolaboutur
572 1215 721 1290 Creatori,
736 1216 920 1296 Augustalis
932 1216 1051 1298 apinam
1073 1216 1140 1296 dig·

102 1318 213 1380 uitatis
236 1321 387 1381 ornabant
408 1321 440 1381 et
460 1321 678 1382 beatificabant
694 1321 867 1399 insignibus
886 1339 961 1382 suae
979 1319 1140 1401 probitatis

104 1425 139 1484 et
161 1422 334 1486 sanctitatis
346 1423 564 1504 prosperisque
576 1424 616 1484 ad
626 1426 700 1484 vota
716 1425 962 1486 suooessionibus
973 1425 1139 1505 pollebant

526 1525 546 1590 J
554 1527 667 1588 uliau
675 1523 727 1611 qu.

105 1608 201 1674 Certe
224 1629 292 1690 ego.
765 1669 771 1676 .

517 1697 727 1760 lohannes

104 1800 179 1864 Nou
199 1799 295 1865 simili
311 1800 411 1878 modo,
433 1800 504 1882 quia
527 1821 580 1862 eos
603 1801 708 1864 divina
730 1802 931 1864 comitabatur
953 1801 1063 1880 gratia.

526 1902 723 1965 JuHanus

106 2006 242 2068 Frivola.
285 2005 354 2085 Ego
370 2005 524 2086 quondam
539 2006 653 2070 stultus
668 2006 743 2070 talia
762 2006 889 2072 exercui
908 2009 940 2069 et
961 2006 1140 2068 clericatum

106 2111 138 2172 in
162 2109 296 2170 eeclesia
318 2109 443 2173 obtinui.

511 2211 727 2274 lohannes
851 2227 862 2249 r

108 2313 257 2377 Placetne
280 2313 511 2392 attolane,
535 2315 691 2378 olorinus?
736 2357 738 2366 ι

541 2417 700 2480 Paulus.

106 2500 226 2563 Diaboli
249 2502 435 2583 capellanus.

527 2588 720 2654 Julianus.

107 2688 156 2766 ht,
185 2690 242 2752 nbi
274 2690 351 2752 nihil
383 2690 524 2752 utilitatis
558 2692 661 2754 inesse
684 2693 890 2775 deprehendi,
923 2693 962 2754 ad
985 2694 1137 2756 culturam

108 2793 231 2854 deorum
262 2813 312 2853 me
344 2793 459 2869 inflexi,
471 2793 512 2876 οΒ)
547 2814 677 2874 quorum
709 2797 808 2878 pietas
841 2816 890 2856 me
919 2796 1065 2878 provexit
1094 2797 1135 2858 ad

108 2896 264 2978 fastigium
285 2897 384 2976 regni.

9 2999 10 3002 ’
397 3015 400 3025 ·
520 2983 733 3046 Iohannes.

107 3083 263 3168 Abrupisti
291 3087 389 3148 nostri
411 3088 596 3161 orationem,
624 3107 664 3148 ne
686 3086 810 3150 audires
830 3088 984 3175 justorum
1004 3087 1136 3149 laudem.

501 3215 503 3221 ’
516 3190 536 3252 J
542 3210 564 3250 u
575 3190 659 3254 lian
667 3211 688 3256 u
697 3211 720 3252 s.

109 3287 185 3362 Quid
206 3291 246 3354 ad
267 3294 342 3355 me?

535 3377 693 3439 Paulus.

108 3475 194 3553 Nihil,
213 3480 268 3541 sed
289 3481 538 3561 subjungendum
557 3483 613 3556 est,
632 3482 713 3562 quod
732 3481 771 3542 ad
787 3484 826 3543 te.
869 3480 1036 3562 Postquam
1052 3480 1134 3544 euim

110 3583 234 3642 mundus
254 3583 298 3643 eis
317 3603 378 3644 non
397 3585 465 3644 erat
484 3583 596 3663 dignus
616 3585 781 3660 habendis,
804 3585 940 3666 suseepti
962 3589 1034 3646 sunt
1054 3586 1135 3646 inter

109 3684 237 3761 angelos,
261 3685 377 3765 t1bique
399 3686 511 3748 infelix
532 3687 709 3768 respublioa
732 3688 964 3768 relinquebatur
986 3689 1133 3768 regenda.

519 3789 714 3853 Jufianus

110 3882 165 3949 (lur
184 3889 294 3954 infelix
313 3892 406 3972 juxta
427 3891 459 3954 id
481 3893 652 3975 temporis?

109 4023 304 4038 ᾗ----ι--ι

98 4132 101 4137 ,
132 4087 165 4140 θῒ)
179 4090 232 4141 quis
243 4089 451 4145 adolebantur,
466 4093 501 4146 0.,
514 4092 538 4138 S.
550 4093 626 4148 salig.
641 4093 828 4146 adelart-adulari,
846 4072 1046 4150 πρθςκυνὸῗνς
1061 4095 1131 4150 vsi-gl.

154 4155 295 4265 glehubseh,
307 4160 445 4213 glannatina
455 4161 524 4206 latino
534 4165 743 4216 germaniarum·
751 4163 1015 4210 adolatortassutad·
1040 4165 1079 4216 68)
1093 4165 1131 4206 de·

180 4228 234 4282 exi,
252 4228 276 4272 c.
290 4241 313 4271 u·
328 4228 350 4274 S.
