3022 4982
509 535 724 606 ..31-

193 717 284 781 Circa
305 717 497 801 praeclaram
517 716 692 797 gaudentes
712 719 806 797 etque
829 710 970 778 Mariam.

192 823 293 894 Quam
314 841 408 904 snper
428 821 550 882 insolito
570 822 760 902 pavitantem
781 820 915 902 denique
936 821 1026 902 signo

112 923 316 993 735.Laetius
338 927 475 1000 intuitus,
498 925 598 986 sertin
618 926 663 986 sic
685 925 788 986 dicere
811 923 968 987 Christus:

192 1029 281 1105 „Non
302 1034 343 1105 tc,
366 1030 474 1110 Virgo,
496 1047 581 1107 rogo,
604 1029 732 1108 pollens,
755 1029 894 1107 genitrix
913 1047 983 1090 maa
1005 1048 1086 1106 cara,

191 1133 395 1209 „Permovcat
416 1134 497 1214 signi
518 1133 639 1194 novitas
662 1131 828 1194 carnaliter
848 1133 929 1207 almi,

193 1237 359 1319 „Obsequii
381 1239 447 1298 sola
466 1237 597 1298 ueniunt
617 1236 695 1298 istae
718 1236 791 1316 quia
813 1253 914 1312 cansa

190 1341 279 1417 „Non
302 1343 383 1422 quod
404 1346 436 1404 te
457 1341 583 1416 vellent,
605 1341 658 1400 vel
680 1340 783 1400 saltim
805 1340 929 1402 laedere
951 1347 1119 1423 poscente

111 1441 247 1510 taonis
269 1465 390 1526 quoque
413 1445 555 1506 discessit
577 1444 665 1505 dictis
685 1444 830 1522 angustia
852 1444 964 1519 cordis,

189 1549 234 1611 At
254 1569 330 1612 vero
352 1550 461 1610 beluae
483 1549 711 1630 praecedebant
732 1550 811 1608 bene
833 1549 944 1624 leobae,

191 1652 436 1715 Demonstrando
458 1651 541 1714 riam
562 1671 619 1734 per
642 1650 758 1712 deserti
777 1653 845 1714 loca
866 1655 1000 1714 recten

194 1755 256 1818 Sed
277 1777 336 1818 nec
357 1757 515 1818 nocturnis
538 1758 724 1820 discesserat
744 1756 810 1816 ulla
832 1757 888 1818 sub
911 1756 1003 1830 horis,

197 1859 259 1922 Sed
283 1860 400 1942 loseph
421 1861 525 1943 pecori
548 1861 681 1922 sociatae
703 1863 807 1921 mente
826 1859 921 1935 fideli,

14 2029 15 2044 p
117 1959 184 2024 745.
196 1961 298 2026 Oblita
320 1966 405 2027 rabie
427 1965 621 2045 naturalique
643 1966 757 2039 surore,

192 2067 342 2130 Pacificae
364 2069 482 2130 rnodice
504 2071 672 2154 gustabant
691 2085 807 2150 pascua
828 2067 918 2128 foeni.

191 2170 279 2233 Inter
299 2193 376 2253 quos
399 2191 476 2254 ergo
497 2173 601 2234 suerat
623 2171 784 2234 concordia
805 2173 901 2246 tanta

190 2274 233 2340 Ut
254 2277 408 2356 quondam
419 2275 515 2338 timidi
532 2278 668 2358 junxere
690 2275 770 2357 lupis
785 2274 874 2356 latus
894 2274 977 2354 agni,

189 2377 231 2442 Et
251 2380 380 2442 boribus
401 2381 491 2442 mites
513 2383 592 2442 bene
615 2397 815 2442 conmansere
836 2378 950 2439 leones.
999 2395 1001 2400 ·
1114 2416 1117 2427 ·

116 2478 179 2544 750.
192 2481 253 2546 Sed
276 2503 337 2545 non
358 2483 508 2560 inmerito,
531 2485 686 2546 coelorum
705 2501 770 2566 pax
792 2482 864 2563 quia
883 2497 974 2543 vera:
999 2503 1023 2521 ··

194 2586 263 2658 Quo
285 2588 368 2668 regit
387 2588 568 2663 inmensum,
590 2588 724 2650 firmavit
745 2586 872 2648 foedere
894 2585 1021 2662 coelum,

190 2688 320 2752 Illarum
341 2695 470 2769 mentes,
491 2695 609 2754 mutato
631 2711 725 2767 more,
748 2691 864 2752 fideles.

232 2795 309 2859 Post
329 2795 407 2858 haec
427 2796 580 2879 pausavit,
602 2796 696 2857 radiis
718 2795 835 2856 lassata
858 2791 969 2856 caloris
999 2839 1009 2860 .

188 2900 320 2976 Aestivi,
341 2917 413 2962 cera
434 2902 556 2982 palmae
577 2897 677 2960 Maria
699 2901 756 2961 sub
779 2900 894 2974 umbra,

112 2998 175 3064 755.
186 3003 228 3066 Et
248 3023 373 3066 rursum
393 3005 494 3068 versis
518 3003 609 3066 claris
631 3003 755 3086 aspexit
776 3003 891 3078 ocellis,

188 3107 355 3171 Fructibus
376 3110 457 3170 hanc
478 3109 610 3191 palmam
630 3107 759 3170 maturis
781 3125 851 3168 esse
873 3108 1029 3170 refertam.
1101 3119 1105 3125 '

189 3210 247 3274 His
270 3213 346 3274 visis
367 3213 475 3294 lingna
495 3212 641 3274 formavit
661 3211 737 3274 talia
756 3213 870 3273 verba:

188 3315 302 3393 „Istius
323 3317 444 3399 palmae
465 3315 592 3378 nimium
613 3316 750 3377 delector
772 3319 911 3392 onustae,

187 3419 240 3496 „si
258 3421 339 3502 potis
360 3423 410 3482 est
431 3420 498 3482 fieri
520 3421 559 3482 de
581 3421 684 3481 fructu
706 3419 842 3501 denique·
859 3419 975 3484 vesci.“

114 3517 178 3589 760.
232 3521 289 3585 Cui
310 3524 414 3586 senior
434 3526 568 3598 vetulus,
590 3523 670 3604 legis
692 3524 899 3586 moderamine
918 3525 1031 3606 justus,

186 3626 272 3689 Haut
292 3627 406 3694 blande
429 3628 527 3704 dictis,
548 3627 675 3710 loseph,
697 3645 771 3690 mox
792 3627 897 3690 obviat
916 3628 1000 3690 istis:
1065 3685 1071 3697 ,

177 3731 275 3806 Ι,,Ηοο
294 3732 397 3807 miror,
417 3735 505 3794 certe
526 3732 651 3794 nimium
672 3734 704 3794 te
726 3732 830 3794 dicere
850 3734 943 3809 relle,

188 3833 283 3911 „Cum
303 3837 545 3913 videasramos,
566 3835 740 3917 magrado
762 3837 902 3918 germina
924 3837 1041 3914 ductos,

115 3987 280 4002 '⁴⁸———--

139 4069 315 4128 clusiolum,
338 4071 366 4116 Μ.
391 4091 412 4118 u.
428 4076 453 4119 P.
482 4073 791 4129 7t5.cb1ttse,c‚u.s.
829 4074 873 4120 llo
890 4076 1009 4131 modici,
1031 4072 1131 4120 stans.

194 4143 236 4185 ult.
254 4149 313 4186 luter
327 4159 411 4200 quar,
430 4146 452 4186 C.
468 4159 489 4187 n.
505 4145 528 4190 S.
557 4149 602 4190 751.
618 4145 696 4188 Quae
716 4149 779 4200 regu,
799 4147 822 4191 C.
840 4159 862 4188 u.
882 4147 905 4191 S.
934 4147 979 4190 752.
994 4147 1130 4196 mutavit,

196 4211 264 4256 Qun.
286 4213 308 4256 S.
332 4219 432 4269 numu,
453 4215 562 4259 ntmllelr:
586 4225 612 4257 ee
634 4217 678 4269 (se.
701 4215 803 4271 fordere)
823 4213 911 4258 tuarum
934 4219 1027 4269 menter,
1046 4201 1131 4257 nourr

194 4291 259 4338 nort,
274 4284 352 4329 fideles
368 4287 435 4340 regu,
454 4285 508 4327 facit
521 4285 575 4329 oder
588 4289 647 4332 sunt.
675 4286 721 4329 ¹16⁰.
737 4285 828 4342 ΟΠ,
844 4285 877 4342 0.,
890 4281 957 4342 eut,
971 4281 994 4333 8.
1008 4297 1012 4304 ·
