3048 4980
511 519 757 588 ...295-

508 694 746 761 Hadrianus.

109 801 182 865 Hoe
203 801 260 865 fiat
278 803 395 884 absque
415 819 510 866 mora.

515 1023 751 1090 Antiochus.
770 1073 773 1089 .

107 1133 234 1213 Detege
256 1128 374 1208 duram,
397 1128 526 1208 Caritas,
560 1129 715 1194 servicem
743 1132 777 1193 et
804 1129 922 1194 sustine
950 1132 1149 1218 pereusseria

108 1257 226 1300 ensem

522 1401 524 1404 Ι
545 1317 713 1384 Caritas.

106 1427 148 1490 In
170 1428 230 1491 hoe
251 1445 314 1488 non
334 1403 453 1488 renitor
474 1423 520 1487 tui
541 1424 632 1504 rotie,
654 1425 711 1488 sed
732 1423 831 1488 hlsens
852 1445 947 1510 pareo
967 1426 1071 1511 jussis.

484 1583 487 1588 .
512 1526 734 1612 Sapientia.

106 1635 209 1712 Nune,
232 1653 323 1710 nune,
345 1632 418 1712 filia,
438 1633 666 1714 gratulandum,
695 1650 778 1694 nune
798 1632 831 1695 in
853 1629 975 1698 Christo
997 1635 1047 1698 eat
1067 1653 1144 1716 gau·

107 1740 254 1814 dendum,
276 1758 334 1800 nee
356 1740 413 1813 est,
437 1755 517 1819 quae
538 1737 641 1820 mem)
663 1738 812 1815 mordeat,
834 1757 918 1816 eura,
941 1739 1013 1821 quia
1034 1757 1146 1804 seeura

108 1865 179 1908 snm
201 1843 241 1905 ds
262 1847 317 1905 tua
337 1842 476 1904 victoria.

545 1923 716 1989 Caritas.

110 2033 251 2117 Inprime
273 2032 355 2110 mihi,
373 2033 481 2109 mater,
497 2031 636 2095 osculum
654 2033 686 2094 et
700 2029 879 2104 commenda
895 2029 1011 2108 iturum
1023 2028 1151 2099 christu

109 2139 261 2221 spiritum.

513 2219 740 2304 Sapientia.

109 2328 174 2402 Qui
203 2330 236 2390 te
265 2327 297 2389 in
328 2345 397 2389 meo
427 2329 516 2388 utero
538 2323 717 2402 vivificavit,
744 2323 812 2410 ipse
835 2324 984 2412 suscipiat
1004 2324 1147 2406 animam,

107 2452 203 2515 quam
225 2431 355 2495 coelitus
377 2421 570 2514 inspiravit.)

543 2531 717 2596 Caritas.

107 2639 188 2718 Tibi,
211 2637 350 2715 Christe,
379 2637 487 2720 gloria,
510 2638 563 2720 qui
584 2656 633 2699 me
656 2639 697 2701 ad
717 2639 750 2702 te
771 2636 891 2702 vocasti
913 2656 983 2702 enm
1003 2638 1145 2723 martyrii

107 2745 220 2828 palma.

513 2825 737 2912 Sapientia.

107 2934 199 3012 Vale,
232 2933 338 3016 proles
368 2931 556 3011 dulcissima,
590 2936 622 2996 et
654 2953 724 2996 eum
745 2929 867 2998 Christe
894 2933 1035 3016 jungaris
1048 2933 1091 3018 ⁶⁷)
1111 2933 1147 3001 iu

108 3039 205 3101 eaelo.
249 3036 413 3099 Memento
431 3037 547 3113 matris,
574 3039 640 3121 jam
667 3041 808 3100 matrona
837 3036 1008 3122 efferatam)
1037 3040 1070 3101 te
1089 3055 1144 3121 pas

105 3142 225 3204 rientis.
243 3177 288 3188 -
301 3139 481 3218 Conuenite,
492 3141 630 3204 illustres
651 3144 820 3220 matronae,
839 3143 872 3206 et
891 3159 1031 3204 mearum
1052 3143 1144 3206 eada·

107 3263 188 3309 vera
208 3245 342 3308 filiarum
360 3264 481 3308 meeum
503 3245 641 3326 sepelite.
1144 3257 1147 3264 ’

512 3347 734 3412 Matronae.

108 3453 303 3538 Oorpnseula
332 3451 520 3517 aromatibus
549 3452 720 3542 sendimus
737 3453 770 3516 et
798 3451 946 3536 exequias
974 3443 1152 3518 houorifloe'

106 3560 310 3624 celebramus.

512 3641 735 3727 Sapientia.

108 3747 247 3815 Grandis
268 3747 445 3830 benignitas
468 3749 500 3811 et
520 3748 598 3810 mira
620 3748 728 3831 pietas,
751 3765 843 3829 quam
874 3745 950 3810 mihi
975 3745 1144 3835 impenditis

104 3854 231 3936 meique
253 3852 393 3919 mortuis

133 4060 174 4113 ss]
188 4069 240 4109 me,
259 4055 315 4096 resa
335 4055 357 4096 ιιι
378 4054 403 4098 c.
425 4065 447 4096 ιι.
469 4053 493 4097 s.
519 4054 720 4110 turregum,
741 4051 776 4108 e,
795 4051 818 4096 s.
837 4063 860 4097 u.
880 4051 926 4108 ug.
959 4033 1152 4108 samaraei

188 4125 311 4178 effecta,
328 4123 372 4175 Μ.;
387 4127 543 4166 matronae
559 4123 703 4178 effectae,
718 4123 757 4179 0.;
774 4125 923 4166 matronae
938 4121 1064 4176 alietas,
1080 4120 1104 4164 S.
1119 4133 1143 4168 u.

188 4194 250 4249 Mb?
265 4197 395 4236 matrona
415 4193 526 4236 ellectu
540 4195 555 4236 l.
563 4207 582 4236 e.
595 4206 653 4248 quae
665 4195 712 4245 lam
726 4193 920 4236 matronensem
934 4186 990 4246 erat,
1005 4193 1142 4249 quamam

188 4263 405 4306 matrona-Silere
418 4263 501 4305 Fran.
