3016 4982
450 517 689 592 -125-

146 699 206 764 Sed
229 701 379 778 Christus,
401 702 544 784 propriae
566 703 720 783 praebens
742 699 891 764 solamina
913 718 1054 784 sponsae,

144 805 234 867 Illam
256 806 402 868 eonvieiis
424 807 511 884 tangi
532 825 594 867 uon
616 805 749 867 sustinet
769 805 850 866 ullis.

66 907 131 972 215.
147 911 213 984 Ast,
236 910 290 972 ubi
313 911 458 972 distracto
481 910 615 971 nudatur
638 909 774 988 tegmine
796 911 869 983 toto,

146 1012 298 1076 Continuo
315 1016 396 1075 bene
419 1013 539 1076 densati
562 1033 690 1074 crevere
714 1012 825 1094 capilli,

145 1117 214 1192 Qui,
239 1118 334 1180 ductu
353 1119 446 1196 longo
468 1116 548 1197 lapsi
569 1116 607 1176 de
629 1116 747 1178 vertice
770 1135 896 1192 summo,

143 1221 367 1284 Deseeudeudo
387 1221 500 1303 pedum
520 1220 643 1301 plantas
665 1219 797 1298 tetigere
820 1220 960 1293 tenellas,

144 1322 264 1406 Corpus
288 1328 319 1386 et
341 1343 429 1385 omne
452 1326 545 1384 comis
568 1325 686 1402 tegitur
707 1343 765 1384 oeu
787 1324 923 1402 tegmine
945 1323 1051 1384 vestis.

70 1423 132 1488 220.
147 1427 250 1507 thue
272 1427 430 1510 lupanaris
452 1427 584 1490 caleavit
605 1427 709 1490 limina
731 1427 837 1502 tristis,

149 1529 307 1613 Extimplo
330 1531 435 1592 suavis
457 1529 554 1592 sensit
577 1530 738 1592 dulcamen
761 1529 871 1606 odoris,

142 1634 246 1716 Atque
268 1636 369 1696 loeum
390 1638 513 1714 turpem
533 1635 609 1696 miro
632 1633 797 1715 splendore
818 1635 983 1696 micantem

142 1737 286 1819 Aspexit,
308 1738 446 1800 tenebris
468 1737 520 1818 qui
542 1737 687 1800 sordebat
707 1739 793 1818 prius
816 1738 901 1800 atris.

16 1887 20 1898 .
140 1839 181 1902 Et
202 1859 272 1902 eum
294 1841 485 1904 sordidulum
506 1840 662 1922 compulsa
683 1841 837 1902 subintrat
857 1842 889 1902 in
910 1843 1040 1915 antrum,

69 1937 129 2004 225.
143 1944 284 2024 Angelus
306 1945 474 2008 Altithroni
494 1945 609 2006 blande
631 1946 718 2006 stetit
739 1945 848 2008 obvius
871 1945 924 2020 illi,

142 2045 253 2110 Custos
274 2047 419 2110 indubius
441 2048 544 2109 suerat
565 2047 618 2128 qui
639 2049 774 2129 eorporis
797 2049 874 2129 ejus,

144 2150 262 2214 Obtulit
285 2154 317 2213 et
337 2156 466 2228 vestem,
487 2152 578 2212 niveo
602 2152 767 2232 splendore
788 2152 960 2227 micantem,

141 2253 218 2336 Ejus
240 2275 405 2316 mensurae
427 2256 647 2316 eonformatam
668 2256 743 2317 satis
766 2258 846 2336 apte.

142 2357 210 2420 Hae
232 2359 341 2420 induta
365 2359 486 2439 quidem
508 2359 623 2420 direxit
644 2359 683 2420 ad
706 2360 833 2420 aethera
855 2377 971 2433 vocem,

68 2456 128 2522 230.
142 2462 275 2524 Assidue
299 2466 405 2542 grates
428 2460 549 2524 Christo
570 2464 743 2525 resonando
766 2483 888 2538 euersa,

146 2563 240 2646 Cujus
263 2585 353 2647 opem
372 2567 451 2628 tanti
473 2567 571 2628 sensit
592 2568 648 2628 sub
671 2567 756 2628 fasee
777 2567 894 2648 perieli,

145 2667 240 2750 Cujus
263 2674 296 2731 et
317 2670 432 2732 auxilio
454 2671 558 2732 iuerat
578 2672 718 2751 protecta
738 2674 877 2752 paterno,

112 2835 118 2851 ,
140 2771 188 2835 Ne
210 2777 318 2856 posset
338 2775 455 2836 veteris
477 2774 632 2854 eorrumpi
653 2775 812 2836 fraudibus
834 2775 940 2836 hostis.

157 2875 288 2940 Interea
306 2879 448 2959 juvenes,
471 2881 597 2940 caecato
611 2878 703 2938 eorde
726 2878 875 2954 furentes,

68 2973 128 3041 235.
143 2979 287 3062 Undique
310 2982 446 3044 eolleotis
468 2983 583 3042 cursim
604 3001 721 3042 venere
743 2981 888 3055 catervis,

140 3083 302 3148 Certantss
324 3087 426 3148 studio
447 3103 616 3167 perversae
637 3085 749 3146 mentis
770 3085 884 3164 iniquo,

139 3187 215 3259 Quis
236 3190 322 3272 prior
343 3189 482 3263 intraret,
504 3189 557 3250 vel
579 3189 647 3269 quis
669 3187 847 3270 perdiscere
868 3190 983 3269 posset,

138 3291 187 3354 An
209 3293 309 3372 virgo,
332 3292 456 3355 suffulta
479 3293 527 3354 sui
548 3293 713 3354 munimine
737 3289 860 3364 Christi,

140 3395 236 3474 Haeo,
259 3416 338 3478 quae
362 3398 503 3459 carnales
526 3415 649 3477 semper
671 3396 855 3478 contempsit
876 3413 1006 3471 amores,

66 3492 125 3560 240.
141 3500 207 3561 Jem
229 3521 313 3562 nuno
334 3500 456 3582 incepto
478 3504 585 3581 posset
605 3500 774 3582 persistere
795 3502 876 3561 voto.

141 3602 206 3666 Neo
227 3623 323 3680 mora,
346 3607 546 3684 cognoscunt,
568 3623 627 3666 neo
649 3603 860 3666 contradioere
882 3605 1021 3684 possunt,

139 3707 227 3778 Quod
249 3727 415 3788 numquam
436 3708 563 3787 longum
585 3709 652 3789 quis
676 3707 881 3770 eonfundetur
902 3708 933 3768 in
956 3725 1076 3782 aevum,

136 3811 197 3882 Qui
219 3813 351 3873 eredens
373 3812 502 3874 Domino
525 3812 612 3874 firma
634 3833 690 3895 spe
712 3813 828 3895 pendet
849 3811 880 3872 iu
902 3812 971 3889 illo3

136 3913 214 3978 llam
236 3915 431 3996 quicumque,
454 3933 512 3978 sua
533 3917 708 3998 compulsus
730 3919 834 3979 mento
857 3916 1000 3998 superba,

66 4010 124 4079 alo.
138 4017 319 4102 Ingreditur
341 4019 440 4102 turpis
462 4019 598 4084 latebras
621 4019 804 4084 temerarius
827 4018 922 4100 aedis,

67 4167 254 4186 *Qum—ua·-

105 4253 143 4304 au.
160 4259 309 4316 tetigitur,
324 4255 355 4304 bl.
370 4269 392 4306 n.
407 4255 432 4312 Ρ,
