3038 4986
894 238 906 282 t

783 499 1020 570 ..206...

665 705 672 712 ·
785 677 1007 742 iohannes
1079 713 1082 720 ,

383 779 409 845 Ο
433 779 563 857 Christe,
584 780 692 845 mundi
713 780 883 862 redemptio
903 784 936 842 et
956 783 1156 863 peccatorum
1176 781 1363 862 propitiatio,
1374 782 1418 864 ⁴³)

383 887 524 966 qualibus
545 886 676 965 laudum¹
703 885 876 967 praeconiis
909 887 941 946 te
971 885 1066 945 talem
1099 885 1263 959 celebrem,
1296 885 1418 964 ignoro.

382 989 533 1071 Expertes
554 989 601 1052 tui
622 988 789 1068 benignam
810 987 1004 1052 clementiam
1034 989 1066 1050 et
1093 987 1278 1062 clementem
1296 989 1419 1070 patien-

380 1093 463 1169 tiam,
487 1092 539 1173 qui
559 1095 725 1174 peccantes
754 1109 837 1152 nune
866 1094 996 1172 paterno
1017 1110 1102 1152 more
1132 1092 1293 1154 tolerando
1330 1093 1419 1155 blan·

382 1196 466 1273 diris,
474 1215 555 1258 nunc
560 1198 646 1279 justa
657 1195 825 1258 severitate
835 1195 1016 1274 castigando
1029 1193 1070 1256 ad
1086 1195 1308 1279 poenitentiam
1321 1196 1419 1275 cogis.

748 1298 1047 1362 Andronichus.
1211 1297 1214 1302 '

382 1399 465 1464 Laus
488 1403 556 1483 ejus
578 1401 700 1464 divinae
721 1401 837 1484 pietati.

763 1504 784 1566 J
791 1506 978 1568 ohannes.
989 1503 1031 1587 ⁴⁴)

385 1606 464 1678 Quis
475 1608 606 1669 auderet
621 1607 759 1683 credere,
772 1607 882 1688 quisve
893 1611 1109 1692 praesumeret
1119 1627 1256 1693 sperare,
1278 1609 1314 1668 ut
1324 1608 1418 1684 hunc,

382 1730 475 1790 quem
498 1710 668 1772 criminosis
688 1711 840 1772 intentum
862 1712 946 1772 vitiis
967 1730 1050 1773 mors
1061 1711 1181 1772 invenit
1203 1713 1238 1772 et
1255 1710 1419 1771 inventum

385 1814 521 1889 abstulit,
544 1814 589 1875 tui
611 1814 767 1875 miseratio
790 1813 830 1874 ad
852 1815 948 1875 vitam
970 1816 1117 1889 excitare,
1140 1814 1326 1876 adveniam
1351 1814 1419 1893 dig·

382 1919 512 1978 naretur
530 1918 702 1998 reparare?
748 1915 794 1982 Sit
815 1937 926 1981 nomen
948 1919 1036 1980 tuum
1057 1919 1198 1979 sanctum
1219 1896 1420 1979 benedictum

387 2019 427 2106 in.
446 2020 633 2102 succulae)
654 2020 708 2100 qui
729 2019 813 2084 solus
836 2019 912 2082 sacis
935 2020 1088 2100 stupenda
1107 2021 1275 2084 mirabilia!

750 2121 1048 2186 Andronichus
1392 2191 1396 2196 .

383 2226 451 2308 Eje,
474 2229 581 2288 sancte
605 2225 772 2301 Johannes,
787 2231 839 2287 aet
860 2245 910 2286 me
943 2226 1095 2288 consolari
1122 2245 1163 2288 ne
1195 2227 1319 2306 tardes;
1346 2247 1420 2292 nam

386 2330 558 2411 conjugalis
588 2348 674 2391 amor
702 2328 875 2391 Drusianae
907 2347 1007 2390 meam
1028 2329 1105 2391 haut
1136 2330 1253 2411 patitur
1280 2335 1420 2394 mentem

388 2433 636 2512 consistere‚nisi
648 2435 680 2496 et
691 2433 789 2515 ipsam
801 2432 981 2512 quantocius
989 2431 1112 2501 videam
1122 2436 1352 2506 ressurrectum
1362 2435 1419 2500 ire.

788 2536 1005 2606 iohannes

381 2638 544 2716 Drusiana,
564 2638 734 2714 resuscitet
751 2640 784 2702 te
806 2639 954 2704 Dominus
975 2639 1070 2702 Jesus
1092 2636 1242 2706 ceruus

789 2742 1002 2806 Drusiana.
1270 2809 1273 2814 ,
1359 2804 1363 2811 .,

381 2843 465 2908 Laus
487 2848 521 2912 ct
533 2845 638 2922 ,honor
659 2845 715 2910 tibi
736 2832 869 2925 Christe,
891 2846 944 2927 qui
964 2865 1014 2908 me
1034 2845 1140 2913 iecisti
1159 2845 1360 2911 reviviscere.

404 3021 408 3028 ¹
628 2999 631 3006 .
714 3004 718 3012 ,
761 2947 1025 3018 Calimechus.
1069 3004 1074 3011 i
1194 3013 1197 3018 ,

382 3049 545 3133 Sospitatis
565 3051 685 3118 auctori
704 3055 821 3132 grates,
843 3053 896 3133 qui
913 3055 954 3129 te,
976 3071 1046 3116 mea
1055 3052 1219 3128 Drusiana,
1241 3072 1416 3133 resurgere

381 3155 467 3216 dedit
483 3155 516 3216 in
535 3155 662 3230 laetitia,
679 3174 761 3238 quae
783 3156 877 3236 gravi
895 3153 965 3222 cum
986 3157 1113 3221 tristitia
1135 3157 1184 3218 die
1195 3155 1238 3238 ⁴⁶)
1259 3157 1413 3237 iungeba-

380 3258 423 3318 ris
447 3260 596 3326 exirm

549 3353 551 3362 “
786 3343 1001 3409 Drusiana

379 3430 479 3511 Decet
501 3411 546 3510 tui
567 3447 770 3526 sanctitatem,
792 3447 972 3512 venerande
993 3450 1083 3534 pater
1103 3444 1339 3527 iohannesut,
1362 3470 1413 3512 re·
1506 3453 1507 3519 ς

380 3543 528 3613 suscitato
550 3548 733 3628 Calimacho,
757 3550 808 3630 qui
829 3570 878 3615 me
905 3550 1021 3612 inlicite
1048 3552 1172 3628 amavit,
1191 3555 1226 3614 et
1255 3552 1341 3620 hunc
1363 3574 1412 3616 re-

379 3653 519 3730 suscites,
549 3654 602 3736 qui
621 3654 683 3718 mei
703 3654 841 3736 proditer
863 3654 981 3718 funeris
1005 3655 1117 3718 extitit

761 3771 1027 3848 Gaiimaohus.
1282 3755 1290 3778 '
1504 3839 1505 3854 ,

378 3876 428 3941 Ne
449 3875 576 3957 dignum
598 3877 701 3953 ducas,
712 3875 827 3940 Christi
848 3879 996 3962 apostole,
1012 3877 1095 3940 hunc
1106 3878 1304 3962 proditorem,
1327 3879 1412 3941 hunc

406 4057 444 4142 id]
460 4081 491 4126 Μ.
504 4079 544 4126 luat
557 4079 626 4136 nicht,
641 4082 683 4135 tyto
697 4080 744 4136 Md·
758 4047 833 4138 m'eint,
849 4083 1068 4138 propinatio,.a.
1086 4094 1108 4136 p.
1120 4082 1265 4127 iffinuua.
1292 4079 1331 4140 td)
1348 4081 1363 4123 J
1369 4081 1409 4126 etr.

456 4150 514 4196 teau
529 4153 597 4196 tuM.
612 4166 634 4194 u.
649 4153 673 4194 P.
700 4151 1004 4208 cenomanenses.
1019 4151 1082 4194 u.S.v
1107 4152 1285 4210 demedi-3
1300 4153 1342 4200 dne
1357 4154 1365 4194 Ι
1381 4154 1409 4194 ht

456 4222 495 4278 alt,
510 4222 578 4277 nieht,
591 4223 632 4264 wie
646 4221 692 4276 ΜΕ.
707 4223 763 4276 negt,
779 4233 823 4264 von
839 4222 878 4264 der
893 4222 958 4264 Hand
972 4222 1012 4264 des
1025 4221 1109 4270 Celtea.
