3022 4982
764 489 982 576 ...soff

367 669 437 738 185.
463 670 513 750 ‚Si
527 693 585 755 pro
605 685 656 739 me
676 674 834 757 proprium
856 674 1002 756 dignatur
1023 691 1152 757 poscere
1174 673 1287 736 natum

448 780 541 858 „Sol
564 781 591 844 si
612 780 736 861 pollutis
758 780 843 844 illam
864 781 1000 860 rogitare
1023 779 1144 842 labellis

448 883 616 966 ,‚Coepero‚
637 885 782 946 bachanti
803 904 903 966 nuper
925 901 1015 964 quarn
1039 883 1131 946 corde
1153 882 1278 960 negavi,

448 987 520 1064 „Me
542 1009 654 1052 vereor
675 989 804 1050 flammis
826 988 912 1050 eoelo
934 987 1107 1048 consumier
1128 987 1221 1060 actis,

392 1138 395 1148 .
448 1091 566 1170 „Ferre
578 1113 679 1156 meum
693 1092 813 1156 facinus
828 1093 900 1172 quia
921 1113 982 1154 non
997 1091 1112 1173 patitur
1127 1109 1224 1170 grave
1242 1088 1385 1150 mundus.

385 1193 435 1257 90.
449 1194 624 1273 „Attamen
643 1196 789 1258 instantis
811 1215 904 1258 causa
926 1199 1057 1276 cogente
1080 1194 1203 1268 doloris,

366 1331 394 1350 ··
418 1346 422 1356 .
449 1297 617 1382 „Ejusdem
640 1301 775 1368 celerem
794 1301 927 1382 supplex
950 1301 1072 1382 quaero'
1081 1299 1235 1380 pietatem,
1278 1367 1280 1372 ¹

450 1402 538 1478 „Quo
561 1405 696 1469 clemens
720 1404 851 1466 animaru
873 1405 1018 1486 precibus
1041 1404 1142 1466 solvat
1163 1402 1361 1483 perituram.“-

448 1504 537 1570 Haeo
558 1526 664 1570 seeum
686 1508 822 1588 querulis
844 1509 969 1570 nimium
990 1508 1111 1570 dieebat
1131 1505 1254 1579 amaris,

450 1611 493 1685 Et
512 1613 606 1676 saecli
626 1613 709 1674 curis
731 1613 820 1674 citius
842 1613 881 1674 de
902 1613 997 1700 corde
1015 1611 1159 1693 repulsis,

367 1709 437 1776 195.
450 1713 580 1795 Inpiger'
601 1717 641 1776 ad
662 1717 809 1798 templum
829 1719 983 1798 properat,
1005 1719 1062 1779 sub
1084 1716 1199 1776 honore
1222 1711 1358 1774 dicatum

446 1816 586 1898 Virginis
606 1819 740 1882 intactae
760 1821 928 1901 matrisque
950 1820 1009 1882 Dei
1031 1817 1238 1892 venerandae,

449 1920 554 1985 Octias
576 1925 607 1984 et
627 1925 760 2004 spatium
779 1926 933 2005 transegit
953 1925 1087 2004 quinque
1108 1922 1237 1996 dierum,

447 2024 520 2088 Illiu
538 2028 669 2090 contrito
689 2027 808 2090 dellens
830 2048 885 2090 sua
906 2028 998 2090 corde
1019 2027 1126 2109 piacla,

449 2129 594 2212 Denegat
614 2136 708 2213 atque
729 2132 795 2208 sibi,
816 2132 950 2194 lacrimis
971 2131 1101 2195 satiatus
1122 2128 1243 2204 amaris,

366 2230 437 2298 200.
450 2234 560 2298 Omnia
579 2237 731 2301 cultorum
750 2238 976 2300 delectamenta
997 2237 1143 2308 ciborum,

449 2335 573 2401 Scilicet
594 2349 626 2404 et
645 2342 784 2420 requiem
803 2341 900 2402 somni
921 2339 1109 2420 saepissime
1122 2337 1252 2410 dulcem,

448 2440 587 2524 Pervigil
605 2444 638 2506 in
659 2445 756 2506 sacris
777 2465 895 2506 summo
916 2444 1073 2504 conamine
1094 2443 1184 2504 votis.

446 2543 516 2608 Tali
535 2552 677 2628 percerte
699 2568 811 2630 eorpus
832 2548 1004 2628 frangendo
1025 2548 1131 2608 labore

446 2648 598 2729 Purgavit
618 2652 751 2714 lacrimis
771 2652 890 2712 animae
912 2651 1048 2712 maculas
1069 2650 1205 2710 vitiatae.

360 2748 433 2815 205.
488 2751 547 2814 His
566 2757 646 2816 bene
667 2756 823 2836 perlectis,
844 2756 969 2818 nimium
991 2775 1059 2816 oum
1079 2755 1182 2814 lassus
1203 2753 1234 2812 in
1255 2752 1340 2814 horis

446 2855 613 2926 Nocturnis
634 2859 718 2922 molli
739 2858 868 2920 dederat
889 2878 946 2923 sua
966 2860 1103 2920 membra
1122 2856 1229 2937 quieti,

446 2959 554 3022 Astitit
573 2961 605 3022 in
626 2963 740 3024 somnis
759 2963 805 3024 illi
826 2963 996 3024 castissima
1015 2962 1100 3040 regis

445 3063 575 3128 Aeterni
594 3065 742 3144 genitrix,
763 3067 872 3128 eadem
893 3067 997 3128 mundi
1018 3065 1214 3138 dominatrix,

446 3165 571 3230 Scilicet
588 3169 751 3246 auxilium,
772 3191 845 3251 spes
866 3171 1065 3249 solamenque
1086 3171 1228 3250 paratum

358 3265 430 3332 210.
441 3268 518 3353 Ejus
538 3274 726 3355 praesidium
748 3275 860 3338 devota
880 3277 982 3336 mente
1003 3276 1194 3355 precantum,

374 3379 376 3383 ’
444 3373 571 3438 Talibus
594 3381 626 3439 et
644 3379 748 3440 verbis
771 3381 908 3440 terrebat
929 3379 1022 3440 corda
1043 3378 1203 3458 paventis:

486 3478 533 3556 ,0
555 3481 612 3554 vir,
629 3501 685 3542 cur
703 3482 802 3542 nostri
821 3482 933 3560 vigilas
953 3482 992 3542 ad
1014 3483 1117 3544 limina
1136 3480 1252 3562 templi,

442 3580 523 3657 „Vel
543 3603 597 3646 our
615 3605 706 3665 posse
729 3583 789 3646 mei
809 3586 943 3646 celerem
963 3588 1057 3646 temct
1079 3586 1225 3667 pictatem

444 3685 639 3761 „Praesumis
658 3707 800 3769 sperare,¹
818 3708 920 3750 meum
942 3689 994 3768 qui
1015 3689 1282 3769 deniquenatum,

361 3783 433 3850 215.
447 3788 520 3865 „Me
540 3794 731 3870 matremque
752 3791 801 3852 sui
820 3793 1066 3873 perversoeorda
1086 3791 1237 3871 negasti?

441 3891 527 3968 „Dia
549 3911 635 3972 rogo,
657 3892 726 3974 quis
747 3895 843 3958 oculis
863 3895 978 3977 possim
996 3895 1052 3958 mis
1074 3914 1202 3958 cernere
1223 3893 1319 3975 prolis

439 3993 590 4072 „Divinae
608 3998 738 4074 vultum,
759 3998 886 4060 coelesti
905 4000 975 4061 luce
999 4019 1171 4074 coruscum,

354 4147 390 4162 q·—

383 4231 426 4280 m.
441 4229 550 4291 salvet,
565 4231 589 4274 C.
604 4243 625 4273 ιι.
641 4233 665 4280 s.
692 4235 738 4280 wo.
759 4231 821 4276 Olane
834 4233 924 4294 Abante,
942 4233 966 4280 Ρ.
998 4235 1045 4282 2⁰6.
1065 4235 1198 4280 declinat
1217 4246 1265 4289 rna,
1282 4233 1305 4277 C.
1324 4247 1345 4276 ιι.
1357 4233 1379 4278 S.
