3016 4982
484 513 723 584 ...131-

205 690 266 754 Per
288 711 380 775 poem
402 695 475 756 snut
496 695 605 758 crebro
627 694 776 756 mirwidu
795 696 884 756 huia
905 694 1058 777 patra&

123 793 189 858 405.
203 796 290 862 Ense
307 797 368 862 sed
388 797 523 872 inmisso,
547 803 690 860 tenerum
711 799 820 878 guum
839 801 1042 880 penetrando,

204 900 353 982 Martyris
375 901 525 980 egregiae
542 903 687 984 jugulum
708 903 844 984 perfodit
863 921 969 978 avare,

205 1004 247 1066 Et
267 1006 336 1066 vice
358 1024 519 1080 convorso,
542 1006 625 1086 quod
645 1025 708 1067 non
727 1006 877 1088 speravit,
894 1005 1021 1086 agendo

201 1108 253 1170 Illi
275 1110 414 1190 profecit,
438 1110 488 1172 cui
509 1110 608 1188 gratis
630 1111 741 1171 obesse
761 1109 888 1190 cupivit,

202 1212 426 1280 Transmittens
447 1213 544 1287 coelo,
574 1233 665 1293 qoam
686 1214 841 1276 subtraxit
862 1214 942 1276 male
963 1211 1086 1275 mondo.

120 1314 187 1379 410.
205 1317 264 1378 Ast
286 1317 346 1392 ubi,
369 1335 425 1398 pro
448 1315 569 1379 Christo
592 1317 678 1378 letali
699 1317 831 1380 volnere
852 1317 947 1392 laesa,

201 1420 385 1486 Extremum
407 1420 536 1482 Domino
559 1421 665 1482 flatum
686 1421 789 1482 reddit
809 1422 967 1484 moriendo

201 1524 304 1604 Atque
326 1525 386 1588 lide
409 1526 497 1586 selva
517 1525 660 1602 gaudens
682 1525 865 1589 obdormivit
885 1525 919 1586 in
941 1526 1003 1600 illc,

201 1627 295 1692 Ocius
316 1628 450 1707 angelici
471 1632 587 1702 coetus,
611 1630 649 1690 de
672 1628 773 1689 sidere
796 1628 883 1709 lapsi,
949 1597 959 1625 ¹

201 1731 351 1794 Astantes
372 1733 515 1808 animam,
537 1734 628 1794 niveo
651 1733 786 1794 candore
808 1751 968 1794 coruscam

117 1832 331 1898 alenconio
354 1837 498 1900 coelestis
520 1837 679 1918 perfusam
701 1837 771 1898 luce
791 1837 910 1912 nitoris,

202 1939 323 2004 Blande
345 1940 516 2021 inrepunt
537 1941 672 2020 laetique
694 1961 751 2021 per
773 1944 846 2000 aira
868 1941 1001 2014 tollunt,¹

201 2041 346 2122 Congruc
367 2043 491 2106 diuinae
511 2045 612 2106 leudis
633 2044 848 2106 resonantibus
870 2044 1001 2124 hymnis,

200 2146 340 2226 Indeque
362 2151 573 2210 transvectam
594 2149 714 2208 celeres
737 2167 831 2227 super
853 2147 987 2208 aetheris
1010 2147 1100 2226 ignes

200 2250 324 2312 Ducunt
346 2252 532 2331 astrigeram
554 2251 659 2332 sponsi
681 2251 823 2312 coelestis
845 2251 878 2310 in
899 2251 1010 2323 aalma,

119 2351 188 2414 420.
206 2353 236 2414 A
258 2375 316 2434 qao
339 2356 482 2418 continuo
505 2355 624 2416 clarum
644 2355 791 2420 rutilante
814 2371 928 2424 corona

202 2458 343 2520 Donatur
364 2477 462 2540 purae
483 2479 539 2540 pro
562 2458 749 2538 virginitatis
773 2457 897 2518 honore.

201 2561 268 2622 Nec
288 2562 390 2626 minus
412 2583 497 2642 orgo,
519 2563 568 2624 sui
589 2563 679 2642 signo
703 2560 844 2624 donanda
866 2559 1020 2640 triumphi,

203 2663 348 2746 Martyrii
370 2667 504 2746 palmam
525 2667 669 2748 sumpsit,
690 2665 758 2726 sine
780 2665 842 2726 fine
864 2663 1043 2742 gerendam,

204 2767 275 2838 Quo
295 2771 415 2850 martyr
437 2769 523 2844 felix,
546 2770 661 2851 duplici
684 2768 852 2830 certamine
872 2767 996 2840 victrix,
1098 2759 1105 2772 '

120 2868 192 2934 425.
208 2870 352 2954 Corporis
375 2876 407 2936 et
428 2874 550 2949 mentis,
571 2874 658 2936 carni
680 2891 803 2952 semper
824 2869 996 2944 renitentis,

201 2976 301 3040 Utens
322 2977 443 3040 aeterni
464 2977 573 3038 bravio
595 2976 715 3038 decoris
738 2975 903 3056 duplicato,

203 3080 293 3142 Inter
307 3082 475 3160 -rirgiuoos
493 3082 632 3160 fulgeret
653 3079 737 3141 clara
759 3081 911 3152 ceterum,

203 3183 283 3246 Lilia
306 3205 372 3258 ceu,
394 3186 524 3266 pulchre
546 3204 636 3246 roseo
658 3183 813 3265 permixta
835 3184 957 3258 rubore,

203 3287 292 3350 Inter
315 3289 440 3350 delicias
463 3289 573 3350 florum
594 3288 701 3349 rutilat
721 3287 886 3348 variorum.

121 3387 191 3454 430.
209 3391 337 3457 Interea
359 3413 481 3474 quoqne
504 3411 691 3459 summorum
713 3409 803 3458 sacra
823 3408 900 3452 oure
922 3390 1088 3471 parentum

206 3495 376 3557 Exenltnm
398 3513 511 3575 magna
533 3497 626 3582 funes
648 3495 828 3556 venerabile
850 3511 962 3574 pompa

206 3597 243 3660 In
266 3599 384 3678 gremio
406 3602 509 3661 terrae
532 3603 595 3661 toto
619 3599 757 3660 contexit
778 3597 910 3673 honore;

208 3699 276 3764 lleo
298 3703 401 3764 saltim
421 3705 545 3764 bustum
568 3705 709 3764 saeratae
731 3700 863 3780 virginis
886 3700 995 3781 ipsum,

207 3805 297 3876 Quod
320 3826 376 3888 pro
398 3807 561 3868 servandis
584 3806 690 3867 luerat
708 3805 887 3866 venerabile
909 3801 1064 3878 membris,

122 3903 193 3970 435.
210 3907 389 3972 Sollicitudo
410 3910 580 3992 parentalis
603 3909 787 3992 contempsit
808 3908 928 3985 amoris,

147 4048 326 4060 ——na--n-

148 4108 193 4156 ⁴06.
207 4123 312 4168 amare,
327 4111 351 4156 c.
365 4125 388 4158 o.
403 4111 426 4157 S.
454 4112 500 4158 uo
515 4113 549 4156 Ar
564 4111 614 4168 obl,
629 4109 654 4155 C.
669 4125 690 4157 ιι.
706 4109 729 4156 S.
758 4109 804 4156 tro.
820 4110 924 4153 bruto
939 4107 1033 4164 regni,
1049 4105 1074 4150 0.
1089 4119 1111 4150 ιι.
1126 4103 1150 4150 S.

199 4179 245 4230 Μ.
263 4184 425 4239 virgineos,
440 4184 472 4225 Μ.
492 4197 514 4226 ιι.
528 4185 552 4225 l’.
581 4181 628 4228 ἥδ.
644 4182 781 4237 pulchre,
796 4181 837 4238 M.;
859 4180 1014 4234 pulchras,
1030 4176 1151 4246 Eppul-

210 4255 290 4310 ιω,
305 4253 330 4300 C.
347 4265 369 4299 ιι.
384 4253 407 4296 S.
439 4251 485 4298 4¹2⁹.
500 4253 642 4308 rutilant,
663 4252 687 4295 c.
700 4265 723 4297 ιι.
737 4251 762 4297 S.
789 4245 1151 4300 act.exeuttan‚u.u.1².

895 4305 942 4370 9*
