3048 4980
783 515 1023 595 -·-318--·Δ

478 705 609 772 Pectore
635 707 786 770 moerenti
808 705 907 768 ferret
927 704 1116 784 nimiumque
1138 701 1262 778 dolenti,

486 811 621 876 Credere
644 831 703 874 nec
724 811 830 894 paucis
853 829 923 871 sese
944 811 1159 891 praesumeret
1179 807 1262 889 ipsis,

484 918 578 980 illum
600 916 652 998 qui
672 915 800 996 reliquis
821 933 884 976 non
906 912 1074 974 deseruere
1096 911 1235 993 relapsis,

399 1021 471 1090 335.
489 1021 552 1084 Sed
573 1023 661 1082 ratus
682 1021 811 1080 tantum,
834 1038 869 1079 se
890 1037 964 1080 mox
985 1016 1125 1097 gravitm
1145 1015 1342 1077 moriturum:
1384 1027 1385 1032 ’

482 1126 576 1189 Ocius
599 1123 708 1185 auxilii
729 1123 825 1184 fultus
846 1121 964 1182 virtute
987 1119 1120 1202 superni,

479 1229 613 1292 Miratur
631 1228 742 1288 turbae
765 1244 800 1285 se
820 1225 886 1305 jam
908 1241 1057 1304 superare
1080 1226 1228 1284 cruentae

485 1335 601 1396 Tantas
624 1332 741 1410 absque
763 1345 839 1389 suae
861 1328 988 1389 fraudes
1011 1326 1186 1388 discrimine
1208 1328 1301 1390 vitae.

478 1438 523 1500 At
544 1437 571 1498 si
593 1435 673 1497 forte
696 1452 777 1506 suos,
799 1449 906 1513 pugna
928 1435 1088 1492 crescente
1111 1431 1243 1507 sinistra,

393 1541 465 1607 340.
481 1540 610 1604 Audiuit
632 1537 731 1600 socios
752 1534 840 1596 letali
860 1534 991 1601 vulnere
1013 1535 1125 1610 laesos,

483 1643 640 1706 Praedicti
661 1640 745 1720 regis
766 1639 931 1700 lacrimans
950 1659 1023 1699 mox
1044 1638 1141 1699 ut'tur
1163 1638 1249 1713 orsis,

404 1803 406 1808 ,
483 1747 571 1818 Quae
593 1764 736 1808 moerens
759 1741 846 1817 dixit,
869 1741 950 1803 tristi
973 1761 1042 1802 oum
1063 1744 1188 1823 pectore
1211 1742 1309 1804 sensit

345 1915 349 1924 ,
477 1851 596 1912 Ictibus
619 1847 752 1928 angelici
773 1846 922 1928 populum
944 1844 1041 1924 gladii
1062 1847 1248 1928 periturum:

479 1953 557 2031 „En,
581 1953 633 2034 qui
653 1950 790 2035 peccavi,
812 1947 900 2021 dixit,
924 1948 1103 2029 facinusque
1126 1950 1243 2031 peregi,

392 2055 464 2121 345.
479 2056 580 2134 „Hinc
603 2075 662 2135 ego
683 2054 838 2116 vindictae
862 2051 975 2132 dignus
998 2073 1066 2115 sum
1089 2053 1220 2134 denique
1242 2057 1364 2118 tantae!

479 2160 541 2238 „Hi
564 2160 637 2241 quid
659 2158 803 2218 lecerunt
824 2156 968 2216 damnum
990 2156 1043 2238 qui
1063 2158 1126 2218 tale
1149 2159 1309 2222 tulerunt?

479 2263 569 2341 „Jam
590 2281 681 2337 nunc,
704 2259 834 2334 Christe,
854 2260 915 2321 tuis
933 2279 1063 2342 parcens
1079 2261 1227 2323 miserere
1245 2265 1414 2348 redemptis,
1504 2255 1505 2336 i

479 2366 545 2442 „Ne
568 2367 688 2447 premat
709 2364 847 2426 insontes
866 2365 950 2446 jus‘to
972 2365 1042 2446 plus
1064 2365 1113 2427 vis
1135 2366 1256 2428 inimica
1264 2371 1291 2428 l“

461 2470 544 2531 ·Has
570 2469 668 2548 igitur
689 2468 833 2550 preculas
855 2469 1005 2529 miserans
1027 2469 1133 2530 divina
1154 2473 1301 2552 potestas,

396 2571 467 2638 350.
481 2574 634 2638 Paroebat
655 2572 739 2652 regis
762 2571 851 2632 solita
873 2571 987 2652 pietate
1008 2572 1164 2648 ministris,

476 2676 518 2738 Et
540 2676 625 2739 dedit
646 2677 784 2757 optatum
806 2675 956 2737 miserans
979 2696 1021 2737 ex
1041 2677 1131 2738 hoste
1153 2679 1347 2762 triumphum,

479 2780 569 2843 Justo
592 2779 766 2862 praedictos
790 2779 916 2840 comites
939 2780 1081 2841 examine
1102 2782 1246 2862 perdens

478 2885 552 2966 lpso
575 2902 707 2964 namque
730 2883 788 2956 die,
812 2903 871 2963 quo
895 2883 1017 2964 decepti
1038 2903 1137 2946 vacua
1160 2905 1224 2968 spe,

480 2985 655 3069 Speravere
677 2985 740 3047 suis
763 2985 1037 3066 constringendum
1059 2987 1125 3050 fore
1147 2989 1256 3052 vinclis

392 3088 464 3156 355.
478 3091 610 3170 Regem,
633 3088 685 3170 qui
706 3089 815 3150 merito
837 3090 938 3151 tenuit
958 3091 1077 3170 regalia
1099 3097 1230 3175 sceptra,

475 3194 527 3256 Ex
548 3193 703 3275 inproviso
726 3193 854 3274 praeses
875 3199 1061 3275 proruperat
1081 3195 1159 3272 Udo,

477 3296 669 3359 Addueendo
693 3297 816 3376 quidem
836 3297 965 3358 multam
987 3317 1091 3360 secum
1111 3299 1273 3379 legionem,

477 3400 525 3462 Ao
547 3399 640 3461 subiit
660 3400 798 3462 validum
819 3396 893 3462 forti
913 3401 1077 3462 luctamine
1099 3403 1222 3464 bellum.

476 3503 544 3566 Neo
566 3521 660 3579 mora,
682 3523 849 3584 percussus
870 3504 963 3586 periit
984 3505 1096 3586 gladiis
1117 3504 1331 3582 Evurhardus,

391 3602 799 3672 360.Gis1berhtussaevis
822 3607 946 3687 fugiens
969 3629 1088 3690 quoque
1110 3610 1263 3690 mergitur
1284 3610 1379 3672 undis.

478 3711 522 3773 At
542 3730 602 3773 rex
623 3711 743 3772 interea
764 3712 865 3774 nescit
887 3715 950 3774 tam
972 3713 1064 3776 fortia
1084 3713 1175 3808 balla,

414 3985 461 4031 339.
475 3979 502 4027 a
516 3983 574 4026 aetat
594 3993 669 4038 pugna
689 3987 803 4027 crescente
819 3983 911 4027 sinistra
928 3983 950 4027 ln
965 3983 1110 4040 Parentum,
1132 3985 1216 4028 ebenus
1232 3984 1288 4029 dixit
1301 3986 1323 4028 in
1337 4001 1358 4029 v.
1371 3982 1408 4031 aa

472 4049 520 4098 alo.
535 4050 567 4096 Μ,
582 4063 605 4097 u.
622 4047 646 4094 P.
660 4051 738 4095 hatten
756 4051 831 4108 unprss
851 4057 964 4109 soclus,
986 4055 1076 4109 laetali,
1097 4055 1127 4100 Μ.
1145 4064 1166 4098 n.
1181 4057 1241 4108 Ρη,
1261 4055 1292 4102 nl.
1311 4060 1367 4099 setzt
1382 4055 1408 4105 le

474 4119 539 4176 doch,
552 4123 593 4162 wie
607 4120 685 4163 irlilrsr
697 4123 798 4164 aemerio
809 4124 891 4178 wurde,
908 4125 983 4178 lriiufig
997 4137 1009 4164 e
1022 4125 1076 4166 statt
1089 4137 1109 4174 e,
1124 4125 1229 4167 wthrend
1242 4125 1359 4168 wlederuur
1372 4125 1408 4164 dis·

473 4199 510 4233 tes
524 4191 600 4245 lrtufig
616 4192 655 4232 liin
669 4191 736 4242 lenes
754 4189 827 4246 stuttg
847 4197 912 4236 sonat
925 4172 1008 4240 hatM'.
1030 4195 1086 4236 stata
1104 4205 1151 4236 nur
1168 4193 1279 4238 letalis.
1306 4193 1345 4238 Sit
1359 4194 1408 4236 aa

472 4259 570 4316 Samuel,
584 4259 619 4316 al,
640 4262 670 4304 1¹1.
696 4261 744 4307 858.
761 4259 872 4316 ιιι-ΜΗ,
886 4263 911 4308 1¹.
