3022 4982
770 529 985 602 ...30-

448 713 587 798 Aegypti
608 714 753 776 tenebras
774 713 901 796 propria
922 731 982 794 quo
1003 711 1073 772 lnce
1096 711 1237 770 vetustas

449 818 525 882 Mox
545 820 723 894 illustraret,
745 837 802 900 per
822 837 857 878 se
877 815 1062 900 penitusque
1085 813 1217 894 fugaret.

492 921 628 1004 Contigit
650 942 725 1003 ergo
749 922 799 984 die
821 922 961 1003 quadam,
982 920 1179 1000 requiescere
1199 916 1283 977 uelle

450 1027 550 1090 Juxta
569 1028 748 1110 speluncam
770 1031 909 1088 sanctam
930 1045 999 1088 curn
1020 1024 1108 1107 prole
1127 1019 1265 1084 Mariam.

366 1128 435 1194 705.
448 1130 536 1203 Quae
558 1134 607 1193 sat
627 1132 719 1208 lassa,
742 1132 845 1193 suerat
864 1149 933 1192 oum
955 1130 1035 1192 forte
1056 1129 1166 1202 locata,
1225 1201 1229 1212 1

451 1233 577 1298 Scilicet
597 1237 629 1296 in
652 1236 770 1316 gremio
792 1235 900 1297 lesum
920 1234 1005 1296 molli
1025 1230 1205 1305 refovendo,

449 1337 542 1402 Multi
562 1339 717 1402 terribiles
739 1340 911 1421 procedunt
932 1358 1063 1419 namque
1086 1338 1236 1398 dracones

450 1441 502 1506 Ex
523 1445 581 1506 hac
602 1445 759 1526 spelunca,
781 1464 837 1525 pro
860 1463 920 1525 qua
943 1444 1001 1504 fuit
1022 1443 1088 1525 ipsa
1110 1442 1219 1514 locata,

452 1546 538 1619 Quos
561 1547 677 1630 Ioseph
699 1548 788 1630 pueri
810 1551 981 1623 cernentes,
1006 1542 1212 1627 obstupefacti

368 1648 438 1714 710.
450 1648 627 1735 Coeperunt
648 1655 733 1714 certe
755 1671 868 1732 magno
890 1653 1023 1714 clamare
1045 1651 1162 1724 timore,

451 1756 495 1818 At
515 1776 593 1838 puer
616 1775 633 1818 e
655 1757 772 1837 gremio
794 1757 900 1818 matris
922 1756 1061 1818 surrexit
1082 1752 1220 1823 amando,
1307 1745 1310 1752 '

454 1859 556 1936 Jesus,
579 1879 706 1922 sacrans
727 1863 829 1924 stabat
850 1861 932 1923 mitis
955 1879 1075 1941 quoque
1098 1857 1213 1940 plantis

454 1961 569 2026 Contra
590 1965 770 2026 frendentes
791 1968 915 2027 turbata
937 1967 1040 2026 mente
1063 1961 1221 2032 dracones,

454 2065 517 2138 Qui
537 2069 636 2130 subito
657 2069 747 2150 proni
769 2069 947 2131 oeciderunt
967 2063 1178 2140 mansuelbcti,

370 2167 440 2233 715.
453 2169 586 2234 Orantcs
607 2173 710 2236 tacitis
732 2175 882 2236 factorem
900 2174 1026 2235 nutibus
1048 2173 1139 2247 orbis,

454 2274 598 2358 Ipseque,
620 2277 800 2358 digrediens
823 2278 918 2340 eremi
939 2297 996 2359 per
1019 2276 1110 2337 devie
1132 2273 1222 2347 vesti,

453 2378 530 2442 Illos
552 2384 731 2464 praecessit,
753 2384 877 2463 sequier
899 2401 969 2443 sese
992 2399 1113 2462 quoque
1131 2375 1232 2460 jussit.

497 2481 575 2560 Quo,
599 2485 724 2569 Jossplr,
746 2488 822 2562 viso,
846 2485 983 2567 genitrix
1005 2482 1179 2563 Christique
1199 2481 1331 2552 sacrata,

454 2586 631 2665 Exanimes,
654 2591 784 2670 fragiles
805 2610 863 2672 pro
886 2588 1107 2652 consuetudine
1130 2585 1231 2647 carnis

372 2686 443 2751 720.
456 2689 553 2768 Facti,
576 2697 625 2754 sat
646 2695 788 2775 pavitant
808 2715 939 2776 puerum
961 2691 1104 2772 laedique
1126 2689 1282 2750 timebant.

454 2793 615 2877 Ipsssed,
638 2797 794 2880 inspector
815 2798 935 2873 mentis,
957 2798 1047 2858 testis
1069 2813 1191 2876 quoquc
1214 2789 1324 2863 cordis,

343 2923 346 2928 ·
454 2895 542 2960 Haec
564 2919 714 2983 responsa
736 2902 829 2979 dedit,
852 2902 965 2964 timidis
987 2917 1157 2963 conversus
1179 2892 1346 2975 elinquit:

455 3002 582 3079 „Quare
604 3006 756 3068 lactantes
778 3009 898 3068 tantrrm
918 3005 1090 3068 tractabitis
1113 3005 1198 3064 artus

458 3106 515 3182 „In
535 3125 594 3185 me,
616 3109 764 3172 virtutem
785 3113 892 3193 capitis
914 3111 1096 3172 neomenia
1118 3103 1310 3190 perennem?

375 3204 445 3271 725.
455 3209 625 3286 „Quamvis
647 3214 787 3279 humanis
809 3216 865 3276 sim
887 3235 1003 3298 parvus
1024 3211 1185 3275 homuncio
1206 3205 1360 3279 membris,

456 3313 535 3391 „Vir
555 3319 660 3379 tamen
682 3321 872 3401 omnipotens
894 3339 1011 3381 summo
1033 3337 1101 3379 sum
1122 3313 1247 3376 numine
1270 3309 1403 3392 pollens,
1471 3317 1472 3322 ’

457 3416 634 3494 „Ooudeoct
655 3426 757 3504 atque,
780 3425 865 3485 feras
888 3424 985 3486 silvae
1005 3437 1222 3484 mansuescere
1245 3416 1373 3476 cunctas

457 3521 530 3598 „Me
552 3543 663 3603 eoram,
684 3527 771 3589 rabie
794 3528 918 3589 dimissa
939 3527 998 3590 rite
1020 3525 1151 3609 priore.“

500 3627 577 3690 Post
597 3631 674 3692 haee
696 3632 907 3712 magnanimos
930 3652 999 3695 eum
1013 3629 1119 3714 pardis
1141 3643 1272 3706 nemque
1294 3619 1405 3682 leones

375 3725 445 3790 730.
456 3729 584 3794 Necnon
607 3736 810 3816 cunctigenae
833 3739 989 3798 venerunt
1008 3735 1143 3814 undique
1164 3731 1273 3805 lectae,

458 3833 502 3900 Ut
522 3855 660 3915 sensere,
681 3839 748 3901 sore
769 3840 888 3921 prolem
908 3837 1048 3902 Pectoris
1069 3838 1189 3912 edesse,
1298 3823 1300 3828 ’

458 3937 591 4004 Orantes
613 3961 745 4028 puerum
765 3943 928 4006 subimissa
948 3963 1026 4007 voce
1046 3942 1205 4017 tenellum,

395 4213 443 4258 m.
459 4227 527 4270 pm
541 4227 593 4272 ges,
608 4216 634 4262 c.
649 4229 671 4260 u.
688 4216 711 4260 S.
726 4218 771 4263 m.
785 4219 927 4273 oneratis,
943 4217 966 4263 c.
983 4231 1004 4263 u.
1021 4217 1043 4262 S.
1072 4213 1117 4262 lib.
1132 4211 1254 4268 slsum.
1269 4225 1292 4256 n.
1306 4211 1330 4255 S.

464 4286 510 4334 Μ
526 4285 691 4346 lactentes,
708 4287 731 4330 c.
747 4301 769 4334 u.
785 4288 809 4332 s.
838 4288 883 4333 ΊΏ.
897 4291 948 4332 sub
963 4291 1125 4342 aristarces,
1139 4282 1252 4337 c.n.·8.;
1269 4283 1350 4336 abib.
