2998 4980
393 539 396 547 ·
500 501 739 622 -llat-

486 680 753 746 Callimachus.

103 785 182 848 Inde
203 805 265 847 non
288 803 372 862 curo,
394 784 422 848 si
442 785 541 868 ipsam
563 787 603 847 ad
618 786 680 848 mei
695 805 831 853 amorem
846 788 1005 852 attrahere
1018 791 1135 872 potero·

546 888 684 952 Amici.

103 973 172 1036 Non
196 974 321 1057 poteris.

493 1057 752 1128 Calinschns

105 1143 166 1208 Cur
189 1143 349 1206 diffiditis?
597 1145 600 1154 '

551 1231 685 1298 Amici

105 1333 184 1406 Quia
205 1353 272 1396 rem
293 1329 448 1398 difficilem
468 1335 557 1416 petis.

492 1435 751 1502 Calimachus

101 1541 183 1603 Num
205 1561 265 1622 ego
285 1543 402 1625 primus
431 1542 606 1622 hujusmodi
634 1561 703 1606 rem
720 1545 803 1624 pato,
833 1546 868 1607 et
886 1564 952 1608 non
969 1545 1134 1610 muliorum

102 1646 142 1708 ad
164 1647 341 1709 audendum
361 1648 548 1728 provocatus
570 1665 638 1706 snm
659 1648 803 1728 exemplo
812 1649 833 1716 l,

547 1747 681 1812 Amici.

101 1852 243 1928 Intende,
256 1853 370 1914 frater:
393 1871 431 1914 ea
451 1851 528 1933 ipsa,
552 1869 643 1933 quam
665 1853 766 1930 ardes,
779 1851 1039 1918 aencfilolrannis
1060 1871 1133 1935 apo·

102 1955 173 2018 stoli
196 1957 366 2017 doctrinam
388 1941 622 2032 secutatotam
642 1975 679 2018 se
702 1957 828 2019 devovit
849 1957 928 2032 Deo,
950 1956 982 2018 in
1003 1959 1132 2032 tantum,

100 2063 135 2119 nt
165 2079 224 2120 nee
253 2059 293 2120 ad
322 2059 445 2120 thorum
473 2058 658 2135 Andronici,
689 2059 934 2122 christianissimi
951 2060 1040 2136 riri,
1068 2061 1133 2141 jam

101 2163 218 2222 dudum
239 2162 338 2243 potnit
352 2162 509 2238 revocari,
533 2181 593 2241 qno
608 2163 708 2223 minus
724 2166 795 2224 tuae
807 2162 980 2225 consentiet
993 2163 1132 2226 vanitati

490 2263 751 2331 Oalimachus.

101 2367 250 2438 Quaesivi
272 2385 291 2427 a
311 2367 399 2430 vobis
422 2368 669 2446 consolationem,
692 2367 749 2430 s'ed
769 2367 905 2432 incutitis
927 2369 1002 2431 mihi
1022 2367 1132 2454 despe-

101 2471 260 2532 rationem.

547 2549 684 2619 Amici

102 2660 163 2732 Qui
186 2659 319 2736 simulat,
341 2659 431 2735 fallit,
452 2662 484 2723 et
506 2661 559 2744 qui
579 2661 700 2746 profert
720 2660 935 2738 adulationem,
950 2659 1059 2724 vendit
1077 2677 1132 2724 re·

98 2764 230 2838 ritatem.

178 2855 204 2866 ’“
485 2847 750 2912 Calimachus.

99 2952 178 3025 Quia
199 2953 274 3014 mihi
293 2955 433 3015 vestrum
455 2954 604 3016 auxilium
627 2953 814 3030 subtrahitis,
826 2953 925 3036 ipsam
937 2954 1031 3018 adibo*
1050 2956 1136 3038 ejus·'

99 3075 158 3138 que
181 3057 283 3118 animo
305 3057 366 3120 mei
383 3076 524 3147 amorem
544 3057 763 3121 blandimentis
784 3059 989 3142 persuadebo.

548 3160 686 3224 Amici.
887 3183 899 3216 ο

97 3241 182 3307 Haut
204 3245 416 3328 persuadebis.

488 3329 750 3395 Calimachus.

99 3415 220 3499 Quippe
243 3420 334 3480 vetar
356 3417 437 3479 fatis.

545 3515 689 3582 'Amici
773 3544 775 3550 ·

98 3602 313 3689 Experiamurr

536 3693 691 3704 ...-

481 3775 604 3840 Galim
615 3778 716 3840 achu
724 3797 748 3838 s.

100 3877 204 3943 Sermo
227 3899 315 3942 mens
338 3879 378 3942 ad
400 3883 441 3956 te,
464 3879 627 3956 Drusiana,
650 3877 872 3962 praecordialis
893 3898 988 3944 amor.

505 3983 719 4044 Drusiana.
950 3974 955 3984 ⁶

100 4082 178 4156 Quid
208 4105 328 4146 mecum
358 4084 449 4163 velis,
472 4084 662 4164 Calimache‚
685 4085 878 4148 sermonibus
901 4101 1011 4166 agere,
1032 4083 1128 4146 vehe-

99 4191 217 4251 menter
238 4189 381 4251 admiror.
671 4195 673 4203 ’

842 4271 920 4336 ra*
1021 4257 1024 4262 '
