3010 4978
432 1511 554 1626 Virgo,
576 1565 665 1628 quae,
686 1565 784 1608 vanas
806 1547 912 1608 mundi
934 1565 1061 1629 pompas
1083 1545 1194 1607 ruituri

439 1649 484 1712 Et
502 1651 595 1712 lrrxus
617 1652 737 1731 fragilis
760 1652 888 1733 cupiens
911 1656 1129 1734 contempnere
1152 1650 1262 1725 carnis,

433 1753 608 1816 Promeruit
629 1755 713 1834 regis
735 1755 867 1817 vocitari
888 1775 1001 1836 sponsa
1023 1756 1178 1836 perennio,

437 1855 471 1918 Si
491 1858 569 1919 velit
590 1858 750 1937 angelicae
771 1879 828 1944 pro
850 1859 1035 1938 pirgiaitatis
1059 1861 1176 1920 honore

392 1959 421 2023 5.
437 1959 541 2043 Ipsius
564 1962 718 2041 astrigera
732 1964 845 2044 'sponsi
867 1963 1009 2024 coelestis
1030 1964 1062 2024 in
1084 1964 1163 2038 aula,

436 2066 552 2129 Addita
575 2066 736 2141 melicolis,
759 2066 855 2127 nitida
877 2066 1000 2146 fulgere
1022 2085 1143 2139 corona,

427 2169 539 2252 'Atque
561 2188 694 2250 sequens
714 2189 830 2249 agnum
852 2189 976 2231 carmen
1000 2173 1126 2232 cantare
1147 2187 1301 2244 sonorum,

437 2271 608 2341 Conservet
630 2293 707 2354 pure
730 2275 850 2336 sincero
874 2274 974 2336 cordis
997 2292 1100 2336 amore
1124 2357 1125 2360 Ἴ

435 2376 565 2456 Signum
584 2377 758 2452 laudabitis,
781 2377 863 2456 quod
884 2381 995 2458 portat,
1018 2377 1222 2458 virginitatis3

373 2475 420 2540 10.
440 2478 614 2562 Quaetque)
638 2483 731 2560 caput
753 2477 874 2543 Christo
897 2483 1000 2560 signat
1021 2483 1173 2542 velamine
1197 2499 1294 2555 sacro,

436 2581 575 2644 Haereat
596 2583 708 2644 affectu
728 2585 837 2645 tenero
861 2588 1038 2646 constanter
1060 2585 1092 2645 in
1114 2585 1166 2645 illo

437 2685 485 2748 Ac
508 2688 626 2748 cunctis
649 2687 716 2748 aliis
737 2688 837 2768 ipsum
859 2691 1030 2769 praeponat
1052 2688 1165 2763 amicior,

437 2789 507 2864 Qui,
531 2790 663 2851 rutilans
673 2791 807 2866 nimium,
830 2792 928 2852 forma
951 2793 1108 2872 speciosus
1131 2809 1274 2864 amoena,

433 2892 531 2955 Natos
555 2897 735 2956 cunctarum
756 2895 866 2956 merito
888 2895 985 2957 vincit
1005 2895 1176 2970 mulierum,

372 2992 420 3058 15.
436 2994 531 3078 Cujus
554 3016 657 3059 amore
680 2999 803 3078 quidem
824 2997 983 3060 ferventes
1007 3018 1144 3078 congrue
1167 2997 1287 3079 pridem

436 3099 605 3182 Perplures
627 3120 734 3162 sacrae
757 3102 910 3163 constanti
933 3103 1025 3163 corde
1048 3103 1171 3182 puellae

433 3203 570 3284 Elegere
592 3205 677 3282 mori,
701 3205 803 3265 saevis
825 3206 993 3286 poenisque
1015 3204 1129 3277 necari,

434 3306 536 3376 Quam
557 3308 651 3370 decus
674 3309 804 3388 insignis
827 3329 1024 3391 corrumpere
1045 3307 1241 3388 virginitatis.

432 3410 521 3472 Inter
545 3431 621 3493 quas
643 3412 761 3492 Agnes,
783 3413 896 3474 mundo
919 3413 1120 3474 celeberrima
1141 3412 1241 3490 virgo,

370 3511 422 3576 20.
442 3515 519 3576 Jnre
541 3515 589 3575 sui
611 3515 723 3598 sponsi,
747 3516 900 3595 condigna
921 3517 1013 3577 lande
1036 3515 1148 3589 decori,

435 3614 557 3693 Christi,
581 3618 758 3678 dissimilem
781 3620 898 3681 cunctis
920 3618 1077 3680 recitando
1100 3619 1252 3693 decorem,

436 3719 619 3800 Virginibus
641 3721 737 3782 sacris
760 3723 826 3802 ejus
850 3723 1042 3784 commendat
1063 3723 1175 3783 amoris

433 3823 561 3903 Pignus,
585 3823 644 3904 qui,
668 3824 793 3903 genitus
815 3844 905 3886 sacra
927 3827 965 3886 de
987 3826 1119 3906 virgine,
1143 3827 1226 3886 solus

436 3927 574 4009 Sponsus
599 3930 754 3992 castarum
775 3947 893 3990 necnon
917 3929 1011 3990 decus
1034 3928 1088 3990 est'
1104 3928 1282 3988 animarum.

397 4115 419 4158 t·
436 4113 589 4168 aaronem,
611 4113 635 4158 C.
654 4126 677 4154 u.
691 4113 715 4158 S.
746 4114 776 4158 1⁰.
797 4112 854 4155 Qus
876 4118 948 4168 eaput,
970 4113 1002 4157 Μ.
1018 4127 1040 4154 u.
1063 4115 1089 4157 P.
1105 4111 1256 4167 Quousque,
1277 4114 1300 4156 0.
1318 4125 1340 4154 n.
1355 4109 1377 4152 S.

436 4184 470 4227 23.
485 4196 586 4237 sacra,
600 4183 656 4225 feno
674 4185 696 4224 in
713 4183 738 4224 C.
751 4196 773 4225 u.
783 4181 806 4227 S.
832 4181 859 4228 it
880 4189 1057 4239 castrorum,
1073 4183 1105 4236 P.;
1122 4189 1247 4239 castorum,
1261 4181 1377 4234 M.jedoeir

430 4252 570 4297 uadentitch.
