3048 4980
772 513 1011 581 -310-

378 695 429 771 95.
462 695 680 776 conregnante
703 712 760 754 sua
781 691 934 754 Mathilda
956 691 1089 771 conjuge
1111 688 1204 762 clara,

467 799 524 862 cui
545 797 680 861 nuncin
703 817 801 876 regno
822 815 885 888 non
908 792 1155 874 compensabitur
1177 792 1249 865 ulla,

464 903 553 975 Quae
575 903 683 985 posset
703 899 821 961 meritis
842 899 927 960 illam
949 915 1098 979 superare
1121 895 1281 978 supremis.

462 1075 557 1138 Trina
579 1072 689 1154 quibus
711 1072 818 1133 Deitas
841 1070 971 1132 dederat
992 1073 1057 1134 tres
1079 1069 1211 1149 denique
1233 1069 1331 1143 natos,

464 1178 535 1241 Jam
557 1180 641 1252 tunc,
664 1176 748 1237 felici
770 1175 959 1257 disponendo
982 1173 1032 1256 pie
1056 1172 1150 1252 genti,

380 1280 450 1354 100.
465 1281 513 1345 ne
536 1284 606 1363 post
626 1279 756 1342 Henrici
776 1281 915 1354 mortem,
937 1269 1023 1356 regis
1044 1275 1225 1351 venerandi,

461 1384 632 1467 Imperium
653 1381 745 1462 regni
766 1383 847 1443 male
870 1381 1063 1462 surriperent
1084 1379 1239 1454 scelerosi,

462 1487 506 1550 Hi
528 1487 584 1549 sed
605 1486 722 1566 regalis
743 1485 808 1547 nati
831 1484 870 1546 de
893 1485 1033 1564 germine
1055 1483 1159 1564 stirpis

462 1589 634 1653 Rexissent
655 1607 788 1669 regnum
810 1588 954 1650 concordi
975 1605 1052 1669 paca
1074 1592 1253 1667 paternum3

465 1693 615 1765 Quamvis
638 1692 800 1754 dissimiles
822 1691 871 1753 his
893 1692 1096 1752 servarentur
1117 1689 1259 1765 honores,

379 1794 449 1874 105.
461 1795 716 1877 Binisregnanti
736 1795 884 1877 subjectis
907 1793 1025 1856 scilicet
1045 1793 1107 1854 uni.

462 1969 551 2031 Inter
574 1988 651 2050 quos
672 1968 790 2050 primus
812 1965 899 2029 fulsit
921 1985 979 2028 ceu
1000 1965 1112 2026 lucifer
1135 1967 1220 2027 crtus

464 2071 562 2148 Oddo,
583 2073 700 2144 micans
722 2071 817 2134 radiis
838 2070 964 2132 nimium
986 2070 1088 2131 clarae
1110 2067 1263 2146 bonitatis,

465 2174 575 2241 Gratia
597 2195 689 2258 quem
709 2175 796 2256 regis
818 2175 909 2236 solita
929 2174 1046 2254 pietate
1069 2173 1216 2254 perennis
1313 2211 1317 2216 -

466 2279 634 2342 Rectorem
655 2279 739 2361 plebi
760 2279 915 2361 praevidit
935 2278 1002 2352 rite
1016 2277 1108 2338 fideli.

381 2379 451 2447 110.
464 2383 526 2445 Hic
547 2386 651 2448 aetate
672 2382 756 2464 prior
779 2383 890 2460 suerat,
914 2381 1031 2444 meritis
1054 2399 1174 2462 quoque
1201 2381 1308 2461 major,

464 2484 632 2566 Congruus
655 2493 686 2551 et
708 2485 839 2568 sceptris
862 2485 1008 2547 defuncto
1030 2487 1120 2567 petre
1142 2482 1297 2564 gerendis.
1381 2504 1385 2512 ¹

464 2589 535 2652 Non
558 2609 635 2672 opus
658 2593 715 2666 est,
736 2590 841 2652 verbis
864 2590 931 2670 ejus
954 2607 1103 2650 summam
1123 2586 1285 2670 probitatis

463 2692 584 2768 Dicere,
606 2693 660 2754 vel
680 2692 770 2774 pueri
791 2693 935 2754 meritum
956 2691 1111 2754 laudabile
1133 2691 1220 2766 tanti,

461 2794 522 2858 Cui
545 2793 686 2858 Christus
709 2796 802 2858 talem
820 2797 885 2877 jam
906 2815 989 2858 nunc
1011 2795 1150 2876 augessit
1171 2795 1326 2870 honorem,

379 2896 450 2966 115.
465 2899 609 2962 Possidet
629 2901 664 2962 ut
685 2898 816 2961 Romam
836 2901 966 2981 pollenti
988 2901 1059 2982 jure
1081 2900 1255 2980 superbam,

464 3002 553 3074 Quae
575 2990 698 3085 semper
719 3003 838 3066 stabilis
861 3001 1012 3066 summum
1034 3003 1137 3064 fuerat
1159 3003 1252 3082 caput
1274 2999 1362 3074 orbis,

460 3104 596 3168 Edomat
617 3107 650 3168 et
671 3109 791 3186 gentes,
815 3103 936 3168 Christo
959 3107 1095 3182 fauente,
1117 3106 1247 3181 seroces,

467 3207 556 3279 Quae
578 3208 852 3291 priusecclesiem
873 3210 1031 3271 laniabant
1053 3227 1146 3292 saepe
1169 3211 1326 3271 sacratam

464 3311 539 3374 Post
560 3311 643 3374 hunc
662 3311 819 3374 Hernicus
841 3313 946 3376 suerat
966 3313 1099 3374 feliciter
1121 3315 1232 3386 ortus„

378 3411 666 3498 120.1np0sn0qu0
688 3415 786 3497 patris
808 3415 944 3478 famosus
966 3417 1088 3478 nomine
1114 3416 1209 3495 regis,

464 3517 600 3580 Provida
622 3539 714 3599 quem
734 3519 858 3582 Domini
878 3519 996 3602 pariter
1017 3519 1169 3600 sapientia
1192 3517 1305 3582 Christi

465 3621 621 3702 Dignatur
643 3641 771 3684 servare
793 3622 904 3708 dpcem
924 3623 1038 3706 populo
1060 3625 1140 3684 bene
1162 3622 1282 3700 sortem,

461 3721 603 3804 Belliger
624 3727 659 3786 ut
681 3725 780 3802 fortis,
802 3726 876 3786 belli
898 3726 1091 3788 doctissimus
1114 3725 1198 3800 artis,

408 3882 416 3888 ,
460 3825 597 3890 Fortiter
620 3828 783 3890 ecclesiam
804 3830 1013 3912 praemuniret
1034 3829 1254 3904 venerandam,

376 3925 657 4021 landemarus
676 3931 788 4013 jaculis
812 3933 938 3996 obstans
959 3933 1144 3996 fortissimus
1166 3932 1270 3994 hostis.

403 4097 446 4142 las.
461 4097 531 4150 lilla,
547 4097 573 4142 R.
602 4099 646 4142 103.
664 4098 778 4144 Dercod.
799 4101 837 4142 bat
858 4103 922 4142 etnen
940 4102 1030 4145 Abanta.
1066 4087 1394 4154 11l.auges'ett‚c.‚s.‚a.
