3022 4982
505 531 722 607 „29-

185 715 278 788 Quod
300 719 375 780 tnno
395 717 538 796 perserte
560 713 690 778 Romam
710 715 875 778 mandatur
895 714 982 778 adire

101 817 170 882 670.
183 820 261 894 Quo,
284 821 342 882 sihi
364 821 529 894 subtraoto‚
551 819 632 899 legis
653 818 848 882 mandamina
869 824 980 882 ounota

188 924 316 986 Plenius
337 925 370 985 in
390 927 463 986 nato
485 925 713 1004 complerentur
735 923 795 984 oito
818 921 947 986 Christo.

186 1027 328 1108 Namque
350 1031 460 1108 quater
483 1027 580 1098 denis,
603 1045 695 1088 eursu
718 1026 859 1102 ducente,
882 1029 1017 1109 peraotis

187 1131 330 1210 Virginei
351 1135 460 1212 partus
482 1130 627 1209 digestim
648 1130 707 1190 rite
730 1130 847 1205 diebus,

185 1233 245 1297 llio
267 1211 367 1296 laetor
387 1235 531 1296 membris
553 1235 708 1296 coelorum
729 1252 861 1314 namque
884 1237 1031 1298 tennellis

102 1336 311 1401 61666666
331 1339 363 1399 in
384 1339 508 1418 proprio
530 1356 627 1418 parvo
650 1357 719 1398 oum
740 1358 868 1399 munere
890 1341 1014 1422 templo,

185 1442 276 1506 Ulnis
299 1450 450 1522 exceptus
471 1442 611 1502 tremulis
630 1441 707 1522 justi
729 1440 888 1517 Simeonis,

186 1545 229 1608 Et
250 1547 356 1608 mundi
377 1545 525 1606 Dominus
548 1545 707 1624 condignis
730 1547 981 1608 estbenedictus

186 1650 273 1724 Odis,
296 1671 337 1710 ex
358 1650 425 1730 ipso
444 1649 528 1729 justo
551 1647 692 1710 Simeone
714 1652 839 1710 volusio

186 1753 315 1814 Necnon
338 1753 455 1814 famosa
477 1753 638 1832 praesagis
660 1753 787 1814 vooihns
808 1753 908 1816 Anna.

106 1853 174 1918 680.
187 1855 245 1918 His
268 1875 389 1937 quoque
412 1857 570 1936 eompletis
589 1857 681 1936 juxta
702 1857 896 1920 mandamina
915 1858 1005 1938 legis,

189 1960 239 2022 Ad
261 1961 394 2042 patriam
410 1959 554 2020 Bethlem
574 1959 734 2022 redierunt
757 1961 897 2041 protinus
918 1963 1034 2024 urbem,

231 2064 312 2125 Nam
332 2068 404 2146 poa
424 2064 502 2126 haee
523 2063 601 2124 binis
624 2064 798 2124 mansurnis
820 2083 919 2145 paene
941 2066 1078 2147 repletis,

190 2166 296 2228 Hostis
318 2169 356 2228 ab
379 2167 472 2228 exilio
494 2168 623 2230 veniens
646 2187 814 2248 perversus
836 2187 949 2244 amaro,

191 2270 283 2341 Quod
306 2271 415 2332 dixere
438 2271 529 2350 magi,
551 2271 697 2334 volvebat
718 2275 821 2334 mente
842 2272 967 2348 dolenti,

109 2372 179 2438 685,
193 2375 233 2436 Se
255 2377 321 2438 nati
343 2376 464 2436 stellam
484 2375 569 2455 regie
591 2375 707 2438 vidisse
729 2376 879 2437 decoram.

193 2478 281 2540 Haeo
302 2480 453 2555 recolens,
475 2498 621 2560 proceres
642 2480 734 2559 regni
754 2479 909 2558 rogitabat
930 2480 1055 2557 heriles,

189 2584 240 2644 An
261 2583 420 2644 redeundo
441 2583 526 2662 magi
546 2583 706 2644 venissent
726 2587 830 2646 mente
848 2583 941 2660 fideli,

195 2685 256 2748 Vel
279 2687 352 2766 quid
375 2687 508 2748 deusto
530 2686 753 2748 demandarent
774 2687 833 2750 sibi
855 2685 984 2750 chisto,

197 2789 257 2860 Qui
278 2810 352 2852 mox
373 2791 529 2872 responsis
550 2791 666 2874 pariter
688 2791 796 2852 dieunt
814 2793 894 2854 bene
915 2793 1019 2868 firmis,

108 2889 174 2955 690.
187 2892 227 2956 86
248 2896 378 2970 nescire,
400 2895 484 2974 magi
506 2895 622 2956 luerint
644 2894 670 2955 si
692 2895 772 2958 forte
794 2897 923 2972 reversi,

189 2998 255 3060 Neo
279 2999 352 3078 quid
374 2999 413 3058 de
426 3001 507 3060 *nato
531 3017 603 3060 sese
626 2998 804 3079 perdiscere
826 3019 911 3080 rege.

233 3101 292 3164 His
315 3122 409 3183 super
431 3120 588 3176 aecensus,
609 3121 669 3164 rex
690 3101 833 3166 Herodes
855 3103 1039 3168 furibundus

193 3204 332 3281 Mittens,
355 3205 490 3268 infantes
513 3205 610 3268 oooidi
631 3206 772 3286 protinus
795 3225 909 3283 omnes,

194 3309 256 3381 Qui
277 3312 352 3370 tuno
373 3309 514 3371 Bethleis
535 3309 667 3383 fuerant,
689 3311 857 3391 praecepit,
878 3311 910 3372 in
932 3311 1002 3386 oris,

112 3408 234 3476 691186
257 3433 379 3494 semper
400 3413 515 3489 vivum,
538 3431 677 3494 sperans,
700 3414 885 3493 extinguere
907 3411 1063 3476 Christum

190 3517 295 3578 Posse.
319 3515 382 3578 Sed
403 3517 435 3578 iu
457 3518 571 3578 somnis
592 3517 733 3592 monitus,
756 3516 873 3599 Joseph
894 3520 1092 3582 venerandus

191 3619 300 3701 Pergit
321 3621 354 3692 in
375 3620 556 3702 Aegyptum
575 3621 658 3684 vasti
679 3641 735 3703 per
758 3621 849 3684 devia
871 3641 976 3690 seeum

188 3725 353 3788 Deduoens
375 3725 470 3786 eremi
493 3724 601 3788 Iesum
622 3745 691 3788 eum
711 3727 810 3788 matre
831 3728 989 3804 tenellum,

194 3828 275 3892 Novi
297 3828 456 3892 terrestris
479 3825 600 3891 Christo
624 3829 797 3892 dominante
819 3831 945 3894 timoris.

112 3926 180 4010 700.
192 3933 279 3995 Talia
302 3936 359 3997 ssd
381 3935 470 4022 solito
493 3934 568 3998 feeit
588 3934 705 4015 pietate
726 3953 870 4015 superna,

111 4073 285 4084 Μ

136 4136 227 4180 611166
247 4139 373 4192 subtracto,
397 4138 459 4182 (1.6.
479 4137 502 4181 S.
529 4140 575 4184 ota
593 4140 799 4191 6666661166616,
813 4137 845 4180 Μ.
858 4151 881 4184 u.
897 4135 921 4180 P.
955 4133 1002 4184 sul.
1022 4105 1140 4178 memhrl

200 4207 356 4262 saelorum,
375 4207 416 4264 Ma
431 4221 442 4250 6
457 4209 531 4252 werde
546 4210 568 4252 tn
581 4209 621 4252 6166
633 4209 747 4264 llelnuug,
760 4222 785 4252 66
801 4209 882 4264 66161166
895 4221 923 4252 ιιι
942 4209 1049 4262 euterun,
1064 4208 1144 4250 radlrt·

203 4280 313 4322 nentri
330 4278 467 4332 selorum,
482 4277 508 4326 Ρ,
1076 4296 1078 4300 ’
