2998 4980
501 536 741 606 -192-

486 709 750 777 Oulimao‘hus.

99 817 215 882 Aulus
235 833 299 884 nou
318 817 655 901 repperi‘oeoasionem
668 816 839 894 iraueeudi,
860 816 945 900 quie,
968 817 1041 901 quid
1061 834 1132 880 mea

97 921 130 984 in
152 924 185 984 te
208 923 282 1002 agat
304 918 436 998 dileetio,
458 921 539 985 forte
561 922 720 984 erubescis
741 920 842 985 lateri

421 1067 423 1076 ι
511 1025 724 1088 Drusiana.

97 1127 184 1192 Nihil
204 1128 296 1205 aliud,
318 1128 379 1192 nisi
397 1129 648 1211 indignationem.

487 1230 748 1308 Calimaohus.

98 1334 210 1412 Credo,
232 1338 264 1399 te
286 1335 366 1399 hane
387 1335 573 1400 sententiam
593 1317 746 1398 mutatum¹
764 1335 819 1398 ire.
866 1415 870 1422 .
938 1412 941 1420 Ι

514 1431 726 1502 Drusiana.

97 1541 170 1606 Non
191 1543 325 1620 mutabo,
346 1546 506 1626 percertel
520 1544 559 1625 ¹¹)

481 1644 746 1709 Calimaehus.

98 1731 205 1794 Forte.

510 1817 721 1898 Drusiana

99 1920 125 1984 O
150 1919 309 2004 insensate
331 1921 363 1982 et
392 1925 515 2018 amens!
545 1941 601 1987 eur
622 1921 763 1984 falleris?
791 1915 857 1984 Cur
884 1922 917 1984 te
944 1936 1046 1982 vaona
1072 1937 1130 2004 spe

99 2024 231 2086 illudis?
260 2015 328 2094 Quo
349 2026 455 2107 paeto,
483 2043 543 2107 qua
565 2023 719 2086 dementia
745 2023 826 2088 reris
851 2043 901 2086 me
922 2025 996 2087 tuae
1017 2022 1130 2104 eadere

96 2127 280 2207 nugacitati,
302 2145 382 2208 quae
404 2147 461 2210 per
475 2129 612 2219 *multum
632 2127 780 2211 temporis
802 2145 821 2191 a
842 2126 953 2210 legalis
967 2126 1056 2188 thoro
1069 2125 1130 2188 viri

96 2249 147 2292 me
169 2230 327 2294 abstinui?

483 2315 746 2380 Calimaehus.

97 2420 160 2482 Pro
175 2417 214 2502 η)
237 2416 327 2482 deirm
338 2421 430 2502 atque
441 2421 597 2484 hominum
608 2421 715 2484 fidem!
737 2418 765 2481 si
783 2437 848 2508 'nou
870 2417 1051 2496 cessaveris,
1069 2416 1130 2502 ια·)

98 2544 161 2586 non
186 2523 351 2604 quiescam,
381 2543 443 2588 non
470 2524 625 2601 desistam,
655 2525 753 2588 donee
781 2527 814 2586 te
842 2523 998 2608 eaptuosis
1012 2523 1050 2606 ¹³)
1073 2523 1130 2585 eir·

100 2627 295 2690 eumueniam
315 2628 442 2690 insidiis.
1044 2621 1047 2626 ’

512 2713 693 2726 m

511 2799 721 2862 Drusiana.
757 2812 761 2818 '
957 2809 960 2814 '

99 2902 149 2964 Eh
182 2903 261 2964 heu!
290 2903 419 2964 Domine
449 2902 526 2965 Jesu
554 2900 683 2979 Christe,
717 2902 792 2984 quid
821 2903 950 2985 prodest
981 2905 1132 2968 eastitatis

99 3006 325 3088 professionem
347 3006 487 3082 subiisse,
517 3025 587 3068 oum
613 3007 641 3068 is
670 3015 787 3068 amens
806 3021 889 3076 mea
906 3007 1055 3089 deeeptus
1083 3011 1134 3071 est

102 3109 233 3190 speeie?
255 3108 397 3185 Intende,
416 3109 556 3185 Domine,
578 3110 639 3170 mei
658 3109 808 3185 timorem,
823 3107 861 3192 ¹⁴)
881 3109 1022 3188 intende,
1041 3131 1133 3193 quem

99 3212 211 3294 patior,
224 3211 377 3274 dolorem!
401 3212 484 3283 Quid
504 3213 586 3286 mihi,
602 3211 675 3294 quid
698 3213 854 3292 agendum
875 3213 923 3290 sit,
946 3214 1064 3294 ignoro.
1098 3214 1132 3292 Si

100 3315 277 3396 prodidero,
300 3311 399 3377 civilis
421 3335 478 3398 per
499 3335 549 3376 me
571 3315 627 3377 fiet
647 3315 815 3395 disoordia3
837 3300 864 3378 si
885 3317 1037 3394 celavero,
1059 3317 1131 3378 insi-

101 3419 160 3479 diis
183 3417 342 3480 diabolicis
369 3417 436 3479 sine
462 3421 494 3481 te
516 3417 671 3498 refragari
691 3436 820 3498 nequeo.
864 3418 945 3482 Jube
966 3439 1016 3481 me
1037 3420 1069 3480 in
1090 3423 1131 3498 te,

102 3519 235 3598 Christe,
259 3521 343 3583 oeius
365 3519 451 3601 mori,
473 3541 513 3582 ne
535 3521 607 3583 fiam
627 3522 659 3582 in
681 3520 802 3582 ruinam
824 3515 958 3585 delieato
977 3523 1099 3606 juveni!

475 3623 763 3686 Androniohus.

105 3725 174 3788 Vae
195 3726 271 3787 mihi
293 3725 499 3790 infortunato!
532 3727 584 3789 Ex
605 3727 761 3809 inproviso
776 3727 814 3811 ¹⁵)
842 3731 963 3791 mortua
984 3731 1032 3792 est
1052 3729 1132 3792 Dru·

102 3829 197 3892 eiana.
242 3827 340 3892 Curuo
363 3833 564 3912 sanctumque
586 3829 759 3892 iohannem
780 3833 906 3896 advooo.

102 4021 284 4030 -—-.-—-

133 4069 167 4118 ll]
181 4070 295 4120 pueris,
310 4067 445 4121 (procerte),
458 4067 506 4123 ης
524 4078 565 4119 pro
578 4069 671 4120 cerie,
685 4067 719 4120 0.,
737 4066 761 4111 S.
776 4066 852 4120 u.llg.
868 4065 955 4121 metm)
984 4068 1018 4120 la)
1033 4064 1131 4120 Procli,

173 4127 220 4192 ,Οἷς
237 4137 321 4190 Proh,
336 4137 484 4190 P.,S.u.Mg.
515 4139 570 4190 loa)
584 4136 608 4177 Si
623 4148 667 4176 non
683 4137 885 4189 consenseris,
903 4135 958 4178 (iu.
970 4133 993 4176 S.
1023 4135 1058 4188 13)
1073 4145 1131 4186 ωρ-

181 4208 282 4258 tionis,
301 4207 333 4258 0.,
350 4205 374 4246 8-
388 4218 410 4248 u.
427 4205 472 4260 Mg.
503 4205 538 4265 14)
553 4217 690 4257 amorem,
706 4205 738 4258 P,
755 4205 779 4249 c.
794 4217 816 4245 u.
831 4203 855 4248 S.
886 4207 920 4259 15)
936 4203 1130 4256 exlnprovln‚

183 4275 213 4321 Μ.
232 4275 346 4318 vlelleieht
360 4275 553 4330 exinproviso.
581 4274 605 4318 P.
621 4274 712 4317 etreleht
726 4285 757 4316 ex
771 4273 817 4316 und
831 4275 888 4316 aetat
905 4272 1062 4328 inprovisa
