3010 4978
508 523 746 600 -129-

110 703 179 770 340.
193 705 342 771 Reddens
363 709 530 787 viventem,
553 731 644 792 quem
666 712 811 774 sorbebat
831 709 963 776 morient
983 731 1020 776 m.

194 813 320 876 Scilicet
341 818 478 876 astantes
501 815 608 876 animis
632 817 813 878 mirantibus
838 837 943 879 omnes

195 919 320 980 Tollunt
341 919 373 980 in
396 920 515 981 coelum
536 919 610 982 laeti
632 921 797 1002 praeconia
818 921 954 997 laudum,
1046 939 1051 952 ’

193 1023 370 1085 Laedentes
394 1029 533 1085 sanctum
554 1023 675 1085 Domini
696 1045 808 1086 nomen
829 1027 1033 1089 benedictum.
1089 1039 1092 1046 ’

194 1127 263 1189 Hoc
283 1129 339 1189 vix
361 1127 529 1209 pontifices
554 1129 674 1190 crudeli
696 1130 789 1190 corde
813 1129 961 1204 ferentes,
1015 1204 1019 1210 Ι

112 1227 180 1292 345.
199 1229 399 1293 Commovere
423 1231 544 1312 quidem
566 1250 627 1294 non
649 1251 778 1314 parvam
801 1233 991 1309 seditionem,
1017 1243 1020 1250 '

194 1335 317 1414 Agnem
339 1335 533 1415 sacrilegam,
556 1337 702 1414 dicentes,
727 1340 758 1398 et
781 1338 967 1399 scelerosam

195 1438 302 1500 Occidi
323 1439 430 1520 poenis
454 1439 544 1500 citius
567 1440 681 1502 debere
704 1442 849 1517 cruentis

194 1543 282 1604 Illius
307 1561 399 1604 causa
424 1543 494 1624 quia
519 1547 726 1626 contemptum
749 1545 913 1606 simulacra

195 1645 373 1727 Cunctaque
396 1665 554 1709 sacrorum
575 1649 758 1728 paterentur
776 1651 849 1730 jure
872 1670 1005 1711 suorum.

111 1748 180 1813 350.
196 1751 277 1812 Hinc
297 1769 435 1832 praeses,
456 1754 593 1813 moestus
615 1753 737 1814 turbato
760 1757 886 1834 pectore
908 1756 1018 1831 factus,

197 1852 360 1916 Condolnit
382 1873 490 1916 sacrae
512 1856 651 1917 subtristi
672 1861 777 1918 mente
798 1859 930 1939 puellae,

195 1957 326 2037 ignorat
347 1959 460 2032 temen,
484 1959 604 2021 omnino
627 1959 738 2022 dubius
761 1979 855 2042 super
877 1962 939 2035 illa,

196 2060 279 2132 Quid
300 2059 357 2124 sibi
380 2047 642 2141 sectandum-vel
664 2064 737 2145 quid
759 2068 894 2126 restaret
915 2064 1090 2144 agendum,

77 2179 79 2184 '
196 2165 333 2227 Perdere
354 2185 416 2227 non
437 2167 561 2248 placuit,
583 2169 719 2231 seduco
741 2169 910 2229 defendere
933 2167 1038 2248 quivit.

115 2265 183 2330 355.
199 2269 337 2330 Tandem
360 2269 503 2332 discessit
520 2289 665 2354 moerens
688 2271 841 2351 aliumque
864 2271 998 2351 reliquit,

199 2372 316 2434 Judicis
338 2375 439 2435 officio
462 2375 600 2435 functum
623 2376 746 2437 feritate
768 2376 882 2456 lupina,

194 2475 256 2546 Qui
278 2477 337 2538 suit
358 2477 508 2558 Aspasius
532 2479 633 2540 dictus
655 2480 777 2559 rituque
800 2479 964 2560 profanus

200 2579 261 2650 Qui
283 2581 361 2641 citus
383 2582 539 2661 Agnetem
560 2583 656 2664 proici
678 2582 837 2664 praecepit
858 2583 889 2643 ln
912 2583 1025 2662 ignem,

198 2683 381 2746 Pontificum
402 2685 482 2747 uotis
504 2687 584 2747 mele
606 2687 819 2757 concordando
840 2685 992 2763 malignis

117 2784 188 2853 360.
203 2785 266 2848 Sed
287 2806 399 2870 corpus
423 2793 541 2850 castum
563 2791 648 2851 nulla
671 2788 708 2850 d‘e
732 2787 823 2850 sorde
846 2787 1000 2870 piandum,

199 2887 303 2953 Ardor
326 2893 457 2954 carnalis
481 2895 562 2975 quod
583 2915 644 2956 non
667 2894 827 2954 succendit
849 2892 969 2965 amoris,

141 2983 147 2988 ’
199 2996 287 3076 Ignis
310 3016 371 3058 non
393 2997 484 3058 laesit
506 3015 664 3080 praesens,
686 3017 744 3058 nec
767 3000 897 3076 tangere
921 2994 1027 3076 quivit.

200 3097 349 3181 Denique,
372 3101 489 3162 divisae
513 3101 616 3162 divino
638 3101 770 3174 numine,
793 3099 933 3160 flammae

149 3283 152 3287 λ
200 3203 358 3283 Virgineis
381 3205 519 3266 tribuere
542 3206 642 3266 locum
663 3205 808 3285 precibus
831 3202 1009 3284 spatiosum,

118 3305 186 3370 365.
200 3308 247 3370 Ac
269 3311 515 3390 prorumpentes,
539 3313 628 3370 aestu
650 3308 804 3388 nimioque
827 3306 967 3367 furentes

200 3411 340 3473 Perdunt
362 3411 530 3487 carnifices,
552 3411 671 3473 urendo
693 3411 834 3492 primitus
857 3427 980 3484 omnes3
1041 3419 1043 3424 '

200 3515 283 3578 Hinc
306 3517 553 3578 circumstantem
575 3517 746 3577 lambentes
770 3513 904 3593 undique
927 3511 1050 3592 plebem

200 3618 406 3694 Incredulem
427 3621 535 3701 plures
556 3618 669 3701 raptim
690 3624 832 3680 stravere
854 3615 1035 3698 phalanges.

202 3721 275 3784 Sole
298 3723 353 3784 sed
375 3723 508 3784 inmunis
531 3725 633 3785 stabat
654 3721 705 3804 ple
726 3718 817 3801 virgo
840 3719 960 3795 caloris,

121 3821 188 3887 370.
205 3823 294 3887 Inter
315 3817 506 3887 flemmarum
529 3827 630 3888 crines
652 3825 764 3887 ludens
787 3823 984 3906 crepitantes,

201 3927 372 4011 Oravitque
392 3929 492 3992 Deum
515 3927 616 3992 versis
638 3929 678 3990 ad
699 3927 804 3990 sidera
823 3925 942 4010 palmis,

143 4102 320 4114 Μ»...-

144 4182 188 4228 M.
201 4188 307 4230 sorbebat
323 4190 509 4241 mouentem,
528 4185 574 4242 its
587 4183 613 4228 Ρ.
629 4184 733 4240 carmel
751 4181 971 4227 inmoriuntur.
999 4179 1047 4224 ³65.
1060 4175 1148 4220 ululo

207 4255 393 4312 iurantem).
420 4258 468 4303 368.
482 4257 632 4311 relegens,
647 4255 694 4310 ις
716 4253 867 4308 inlausta,
887 4251 913 4296 ll.
1018 4277 1021 4284 ·

919 4305 940 4372 9
