3016 4982
791 513 1037 586 ..126-

490 694 533 758 Ut
554 697 657 758 radios
678 697 756 758 lueis
777 698 856 758 vidit
876 695 952 756 mire
974 693 1139 768 rutilantis,
1201 691 1209 698 ’

486 801 658 880 Angelioae
679 802 927 882 praefulgentem
949 799 1109 878 vestisque
1131 799 1273 859 tutorem.

490 903 657 986 Correptus
679 905 761 984 signi
782 906 873 966 nimio
898 908 1017 966 terrore
1039 901 1192 983 stupendi,

488 1008 667 1070 Prostralus
690 1029 797 1070 saoree
820 1008 938 1090 plantis
961 1007 1108 1088 extimplo
1130 1006 1264 1087 puellae,

405 1108 477 1173 250.
493 1111 642 1185 Postulat,
666 1131 806 1174 errorum
828 1113 928 1174 laxari
949 1112 1053 1173 vinela
1075 1129 1208 1184 suorum,

488 1214 704 1296 Tostamque,
725 1217 826 1278 Deum
846 1235 956 1277 verum
978 1216 1044 1276 fore
1059 1216 1134 1296 ¹jure
1157 1213 1329 1287 colendum,

491 1317 568 1399 Ejus
591 1321 727 1382 oultores
749 1322 801 1401 qui
823 1320 1030 1382 consolabitur
1053 1337 1167 1379 omnes.

489 1421 600 1503 Sioque
623 1424 710 1485 loeus
732 1425 886 1485 scelernm
908 1425 1015 1485 domus
1038 1421 1169 1482 efficitur
1190 1420 1394 1502 precularum.

489 1525 627 1586 Tandem
649 1529 800 1608 praefecti
820 1530 913 1589 natus
935 1527 1022 1589 venit
1042 1527 1123 1587 male
1145 1543 1249 1599 sanus,

404 1626 476 1690 255.
496 1627 592 1709 Cujus
614 1632 760 1692 sustinuit
782 1651 875 1694 eausa
896 1632 960 1692 rim
980 1631 1070 1710 virgo
1093 1632 1192 1690 beata.

497 1731 567 1806 Qui,
590 1752 662 1794 mox
684 1735 844 1814 ingressus
866 1735 980 1796 ridenti
1001 1734 1102 1807 eorde,
1125 1733 1264 1793 misellus

489 1834 556 1896 Nee
579 1837 658 1897 dixit
679 1838 802 1899 laudem
823 1839 961 1913 Domino,
983 1857 1044 1898 neo
1065 1837 1168 1898 reddit
1189 1838 1346 1911 honorem,

492 1936 600 2000 Gratia
622 1941 761 2002 tristifioo
784 1945 873 2024 eujus
894 1943 1034 2004 radiabat
1055 1941 1085 2001 iu
1108 1943 1205 2016 antro,

497 2041 559 2104 Sed
583 2044 621 2104 de
644 2063 678 2105 ee
701 2046 842 2106 stabilem
862 2047 965 2107 laetus
986 2044 1134 2107 tendebat
1155 2046 1186 2106 in
1209 2046 1328 2119 aedem,

412 2143 483 2207 260.
499 2146 656 2228 Amplexu
679 2148 769 2224 dulei,
793 2169 931 2230 sperans,
954 2169 988 2210 se
1010 2150 1140 2228 virginis
1162 2149 1208 2211 uti

495 2250 564 2311 Jam
585 2252 668 2312 licito
691 2271 808 2329 sacrae,
831 2256 918 2335 cnjus
940 2254 1109 2334 languebat
1131 2271 1242 2314 amore.

446 2384 448 2388 ·
492 2352 554 2415 Sed
577 2352 691 2416 Christi
712 2357 813 2436 pietas
835 2377 954 2419 neonon
976 2360 1138 2439 praeoelso
1159 2359 1297 2438 potestas

494 2457 630 2520 Fortiter
653 2461 805 2522 obsistens
827 2461 871 2521 illi
892 2481 1042 2542 perverse
1063 2462 1188 2536 volenti,

495 2560 525 2622 A
547 2564 722 2643 corruptela
743 2565 899 2644 propriam
920 2567 1056 2646 protexit
1078 2567 1241 2637 alumnam,

405 2659 533 2725 26511
556 2669 720 2745 reprobam
740 2669 886 2729 miserum
907 2672 1037 2730 mortem
1059 2669 1202 2731 tradebat
1224 2670 1256 2728 et
1276 2667 1371 2728 illum.

498 2767 578 2828 Nam
600 2787 682 2853 mox,
706 2773 740 2831 ut
761 2771 869 2852 rapido
893 2791 985 2834 eursu
1006 2775 1232 2854 properaverat
1253 2772 1316 2845 illo,
1388 2822 1397 2842 ,

494 2870 563 2940 Quo
587 2874 720 2953 supplex
741 2876 850 2936 laudes
872 2875 1001 2938 Domino
1022 2880 1224 2938 resonaverat
1246 2875 1364 2954 Agnes,

493 2973 619 3052 infelix,
641 2979 786 3040 membris
807 2979 964 3060 inprovisa
985 2981 1130 3043 resolutis

494 3077 605 3157 Morte,
628 3081 691 3142 ruit
711 3101 836 3163 pronus,
860 3083 974 3146 Christi
995 3086 1111 3148 virtute
1133 3085 1321 3166 peremptus.

407 3179 479 3244 270.
498 3181 577 3259 Quo,
599 3187 696 3265 pater,
720 3187 835 3262 audito,
856 3188 950 3249 miser
972 3189 1101 3251 advenit
1122 3188 1318 3260 lacrimando,

499 3286 638 3368 Stipatus
658 3291 756 3352 multa
776 3293 959 3372 populorum
980 3311 1113 3373 namque
1133 3297 1268 3365 caterva,

495 3389 545 3464 Et,
568 3411 638 3452 sese
658 3394 804 3456 miserum
827 3397 971 3472 olamans,
995 3398 1163 3478 spargebat
1183 3397 1215 3456 in
1237 3396 1334 3456 altum

495 3492 606 3569 Voees,
630 3497 678 3556 his
700 3501 838 3560 sanatam
859 3501 964 3561 verbis
987 3501 1140 3562 causando
1162 3500 1313 3581 puellam:

495 3596 542 3672 „0
564 3599 675 3660 mulier
696 3603 788 3677 mele,
810 3605 952 3678 erudelis,
976 3606 1025 3666 oui
1046 3625 1108 3666 non
1129 3604 1287 3665 muliebris

410 3693 482 3761 275.
498 3697 626 3775 „Gordis
648 3703 729 3766 inest
762 3707 870 3768 feritas
892 3710 1078 3790 nimiumque
1101 3710 1230 3770 eruenta
1251 3707 1402 3777 voluntas,

496 3801 651 3887 „Corpore
674 3810 729 3869 sub
751 3818 860 3874 tenero
883 3813 1086 3876 frendesoens
1107 3833 1192 3873 more
1215 3811 1323 3885 lerino,

498 3905 583 3984 „Dia
607 3927 686 3990 quae
709 3931 802 3974 eausa
822 3933 924 3978 meum
946 3918 1029 3998 oogit
1050 3921 1082 3979 te
1105 3917 1238 3998 perdere
1260 3917 1372 3988 natum,

499 4010 698 4089 „Quideous
722 4035 810 4080 omne
833 4021 896 4082 suis
919 4025 951 4084 et
972 4041 1044 4105 spes
1066 4022 1169 4086 fuerat
1189 4018 1350 4102 genitoris·

416 4147 596 4163 Q

438 4229 810 4300 llt.venlsquenltorem‚c.
835 4241 1167 4302 aemulantibus
