3068 4986
769 531 1007 604 ...304-

379 723 488 793 carct
520 715 770 808 defensione,
804 721 949 809 quanto
982 712 1111 785 minus
1144 707 1224 780 ulla
1256 701 1413 778 fulcitur

378 835 630 927 auctoritatc3
655 832 760 906 unde
786 830 902 904 ctiam
921 851 1076 923 vereor,
1098 851 1159 900 me
1180 835 1413 911 temeritatis

370 952 491 1046 *argui
536 948 830 1040 tendiculasque
870 947 1077 1021 multorum
1118 976 1196 1026 non
1236 953 1411 1027 devitare

379 1067 564 1154 convicii,
612 1087 660 1138 co
686 1062 788 1159 quod
822 1064 975 1158 pompis
992 1067 1034 1153 ¹⁰)
1071 1066 1225 1143 facetae
1260 1068 1415 1142 urbani-

378 1184 472 1256 tatis
515 1179 751 1276 exponenda
799 1178 1045 1274 eloquentius
1080 1183 1414 1280 praesumpserim

385 1298 648 1371 dehonestare
665 1297 798 1370 inculti
816 1296 965 1370 vilitate
987 1302 1192 1376 sermonis·
1227 1300 1269 1372 Si
1281 1307 1414 1371 tamen

381 1433 506 1488 sanae
545 1413 688 1488 mentis
732 1437 900 1486 examen
934 1416 1163 1508 accesserit,
1206 1437 1308 1514 quae
1350 1435 1417 1487 res

383 1535 492 1604 recte
507 1553 686 1626 pensare
712 1555 790 1604 non
814 1531 950 1624 nescit,
980 1539 1124 1626 quanto
1150 1554 1273 1604 sexus
1299 1529 1417 1624 fragi-

381 1645 455 1718 lior
477 1647 717 1742 scicntiaquc
737 1647 875 1738 minor,
891 1651 998 1720 tanto
1014 1649 1131 1720 venia
1152 1648 1227 1721 crit
1241 1645 1416 1736 facilior,

381 1763 615 1858 pracsertim
632 1787 718 1835 cum
738 1763 771 1836 si
787 1762 830 1850 ¹¹)
855 1784 968 1834 meae
984 1761 1328 1858 praesumptionis,
1345 1759 1413 1832 sed

276 1951 281 1962 ,
380 1879 607 1960 vestrumst)
640 1901 760 1952 causa
775 1876 965 1972 jussionis
991 1878 1108 1974 hujus
1126 1884 1278 1951 stamen
1302 1897 1416 1970 opus·

383 1995 458 2067 culi
488 1996 686 2091 coeperim
718 1995 847 2070 ordiri.
899 1995 979 2068 Cur
1014 2002 1147 2067 tamen
1174 1993 1338 2065 aliorum
1357 1987 1416 2083 ju-

382 2109 479 2182 dicia
511 2111 697 2206 formido,
729 2137 829 2207 quae
854 2113 976 2186 vestri
1008 2109 1250 2184 solummodo
1277 2129 1414 2178 censu-

382 2245 468 2318 rae,
505 2227 537 2299 si
571 2229 660 2323 quid
683 2229 824 2322 fefelli,
860 2227 1031 2301 obnoxia
1064 2225 1215 2300 existo?
1249 2221 1314 2294 vel
1348 2243 1416 2292 eur

381 2363 575 2436 nequeam
609 2341 786 2418 devitare
821 2344 1004 2424 convicia,
1037 2364 1139 2437 quae
1171 2336 1413 2411 solummodo

383 2457 537 2531 silentio
572 2460 731 2532 studere
764 2461 903 2550 debeo,
937 2482 988 2531 ne
1019 2458 1054 2530 si
1087 2457 1230 2529 seriem
1255 2475 1328 2552 pro
1354 2451 1415 2524 sui

373 2574 529 2647 ¹vilitate
553 2573 648 2647 nulli
671 2577 952 2649 ostendendam
971 2573 1091 2646 velim
1110 2569 1321 2668 propalari,
1337 2589 1416 2638 mc·

287 2680 295 2690 ’
384 2691 458 2762 rito
483 2691 651 2762 omnium
674 2693 919 2764 succumbam
940 2685 1263 2787 reprehensioni?
1281 2683 1319 2764 ¹³.)
1345 2683 1419 2754 Vc·

384 2810 466 2878 stro
506 2812 635 2878 arrtem
661 2808 862 2902 vestrique
895 2803 1197 2894 familiarissimi,
1231 2800 1292 2873 eui
1316 2801 1418 2871 hanc

384 2923 638 2996 rusticitatem
662 2925 850 2996 sanxistis
873 2925 1168 3020 praesentatum
1188 2917 1248 3010 iri,
1271 2915 1420 2988 scilicet

385 3038 689 3133 archipraesulis
716 3038 933 3131 Wilhelmi,
963 3035 1120 3131 judicio,
1147 3028 1419 3128 quoquomodo

384 3155 528 3228 lactum
554 3155 616 3249 sit,
642 3154 924 3229 aestimandum
951 3151 1140 3248 relinquo·

373 3515 380 3522 Ι
431 3448 469 3534 ro)
491 3415 698 3547 pomposis,
720 3445 762 3508 M
785 3466 816 3571 qi
836 3444 882 3523 P.;
903 3415 1040 3543 verlpis
1062 3437 1232 3522 pomposis,
1264 3433 1359 3584 (ἐπιὃ
1373 3429 1419 3508 S.;

481 3554 634 3700 llll?
642 3531 771 3682 'did
792 3533 1420 3696 slllttltftllll‘tranat

375 3731 382 3770 ι
483 3727 577 3772 causa
602 3707 764 3790 jussionis,
786 3705 825 3770 R.
860 3703 898 3787 ¹³)
920 3697 1248 3786 represensioni,
1270 3693 1313 3760 M.
1334 3713 1364 3754 u
1386 3690 1420 3755 P.
1513 3793 1517 3801 Ι
