3022 4982
725 533 987 610 ,...20...

452 717 518 784 Nec
539 716 708 804 posthaec
729 717 771 782 ibi
793 718 936 784 coelestis
957 719 1013 782 lux
1035 717 1133 782 deluit
1155 713 1235 782 omni

453 824 613 907 Tempore,
636 841 694 906 quo
717 826 853 905 genitrix
875 825 937 886 illic
958 825 1071 888 mansit
1091 826 1171 886 bene
1192 823 1288 889 felix,

494 929 601 990 Noctis
623 931 807 1010 tranquillae
828 929 929 991 medie
950 929 1111 992 libramine
1133 931 1219 990 certe

368 1029 440 1096 575.
453 1032 522 1094 Illic
543 1034 620 1094 haee
643 1034 751 1094 eadem
772 1034 881 1113 genuit
901 1033 1086 1113 virguncula
1105 1033 1225 1114 prolem

453 1133 600 1199 Gaudent
622 1137 765 1211 divinam,
788 1138 905 1200 cunetis
928 1137 1039 1197 seculis
1061 1136 1280 1212 venerandam,

455 1238 511 1302 Cui
531 1259 642 1302 nemen
664 1241 767 1320 lesus,
790 1241 838 1302 cui
861 1241 999 1315 sitlans,
1022 1240 1129 1320 gloria,
1150 1239 1259 1312 virtus,

457 1343 585 1406 Solvere
609 1345 660 1425 qui
681 1349 823 1406 ueterum
843 1345 972 1406 veniens
994 1344 1119 1406 oracula
1140 1346 1254 1417 vetum,

455 1447 495 1510 Se
518 1467 574 1530 pre
596 1449 744 1510 salvando
766 1452 931 1512 venturum
952 1449 1092 1531 praescia
1113 1448 1236 1522 mundo,

370 1547 442 1614 580.
454 1551 567 1612 Pacem
589 1552 742 1614 coelicolis
764 1554 838 1614 fecit
859 1573 928 1614 cum
950 1553 1067 1614 civibus
1090 1552 1180 1614 orbis.

336 1739 338 1744 Ι
454 1654 554 1725 Quem
576 1656 714 1734 genitium
735 1675 823 1719 sacro
844 1660 950 1719 castae
972 1657 1012 1717 de
1033 1656 1165 1735 uirginis
1186 1657 1258 1718 alre

453 1757 599 1820 Protinus
621 1761 782 1839 angelicus
804 1762 982 1823 circumstat
1003 1761 1135 1842 denique
1157 1763 1273 1834 coetus,
1300 1841 1303 1847 Ι

455 1861 600 1923 Laudans
617 1864 780 1926 submissis
803 1866 951 1927 factorem
970 1865 1096 1928 vecibus
1120 1865 1211 1940 orbis,

457 1965 558 2027 Oreus
581 1971 613 2028 et
634 1987 763 2050 puerum
784 1969 872 2032 uobis
894 1970 934 2030 de
956 1969 1058 2030 sidere
1079 1969 1213 2032 missum.
1254 2003 1257 2010 ι
1306 1986 1309 1994 ’

365 2066 437 2133 585.
450 2068 511 2132 Sed
533 2075 631 2133 mater
652 2073 752 2134 subito
775 2075 893 2135 cunetis
914 2074 1102 2148 veneranda,
1124 2072 1234 2144 Maria,
1284 2101 1288 2108 ·

454 2173 590 2237 Collocat
611 2179 742 2256 anguste
764 2179 909 2259 praesepi
929 2179 1066 2238 membra
1086 2177 1204 2240 tenella

452 2277 575 2354 Christi,
596 2281 767 2362 panniculis
788 2301 897 2361 regem
917 2281 1072 2344 volvendo
1094 2299 1270 2362 perennem

495 2385 536 2447 Et
557 2385 626 2466 pius
648 2385 767 2447 interea
790 2385 915 2467 loseph,
939 2385 1098 2464 digressus
1121 2387 1159 2446 ab
1181 2385 1243 2460 illa,

454 2488 530 2550 illex
553 2490 734 2550 obstetrices
756 2509 861 2551 seeum
882 2489 972 2554 duxit
992 2489 1146 2564 mulieres,

365 2589 439 2654 590.
453 2592 541 2664 Quae
563 2590 686 2667 Zelemi,
708 2593 830 2654 Salome
853 2594 978 2654 fuerant
1000 2593 1038 2653 de
1060 2594 1182 2654 nomine
1202 2591 1312 2654 dictae.

450 2695 521 2757 Sola
544 2697 600 2757 sed
621 2696 795 2776 ingreditur
817 2697 934 2759 Zelemi
956 2696 1139 2777 Salemeque
1161 2699 1289 2757 veretur

452 2799 596 2879 Tangere
618 2801 797 2882 speluncam
814 2803 947 2883 pedibus
967 2801 1135 2882 splendere
1155 2801 1313 2882 repletam.
1333 2829 1336 2838 ·

450 2901 526 2964 Mox
548 2923 669 2985 quoque
690 2905 864 2984 virgineum
886 2905 1002 2966 Zelemi
1028 2907 1166 2966 tractm
1192 2905 1244 2987 pie
1265 2907 1398 2986 parturn,
1503 2975 1504 2992 ἢ

451 3005 649 3082 Exclamans,
672 3007 761 3088 signi,
778 3009 864 3085 dixit,
887 3011 967 3070 bene
990 3009 1116 3070 credula
1138 3009 1231 3070 tanti:

368 3105 442 3173 595.
454 3110 556 3186 „Quid
578 3111 636 3172 sibi
657 3131 718 3174 nen
739 3115 856 3194 nuptae
876 3119 985 3194 partus
1006 3113 1074 3174 vult
1095 3113 1154 3174 iste
1175 3113 1341 3175 novellus?

433 3213 580 3289 ,Editus
602 3233 674 3276 eece
696 3233 774 3298 puer
796 3217 897 3296 regali
919 3216 1058 3296 germine
1080 3235 1181 3298 nuper

454 3315 621 3399 „conjugis
644 3324 806 3402 expertem
827 3319 909 3382 bene
928 3319 1067 3382 declarat
1088 3321 1155 3382 fere
1177 3324 1314 3382 matr-ern

450 3421 573 3502 „Atque
594 3439 710 3503 parens
730 3415 821 3502 virge
840 3427 948 3484 natum
970 3426 1065 3486 laetat
1086 3425 1136 3506 pie
1158 3426 1232 3499 sola,

451 3523 624 3599 „Uberibus
646 3527 740 3587 castis
762 3527 802 3587 de
824 3529 908 3588 coelo
927 3529 998 3608 jure
1021 3527 1156 3609 repletis.

362 3621 434 3687 600.
448 3627 535 3702 „Non
557 3627 645 3690 deler
666 3630 716 3690 est
733 3630 833 3705 matri,
857 3647 915 3692 nec
938 3634 986 3692 est
1007 3632 1170 3694 maculatio
1191 3633 1288 3715 proli:

449 3729 585 3804 „Ordine
608 3732 712 3794 divino
734 3733 802 3794 fieri
824 3735 880 3796 sed
902 3735 976 3796 talia
999 3737 1119 3798 credo.“
1304 3735 1315 3748 '

488 3833 709 3896 HancSalome
731 3855 839 3897 vocem
851 3855 1012 3918 spernens,
1033 3857 1096 3901 nen
1119 3841 1190 3902 ficta
1209 3842 1398 3921 loquentem,

449 3936 588 4014 Dixerat,
609 3939 724 4000 auditis
747 3959 817 4001 sese
839 3944 1052 4005 non‘credere
1073 3945 1187 4020 verbis,

449 4040 490 4102 Ni
511 4043 622 4124 prebet
642 4043 710 4124 ipsc
732 4063 852 4105 sacram
873 4047 975 4126 palma
997 4049 1154 4127 tangendo
1176 4046 1315 4110 Mariam
1498 4067 1499 4084 ¹

365 4139 529 4236 (winilind
551 4146 694 4230 ingressa
717 4167 803 4240 suam
825 4149 926 4233 coepit
946 4151 1143 4243 protendere¹
1158 4151 1308 4226 dextram,

451 4248 609 4314 Audacter
632 4254 748 4314 castam
769 4253 923 4336 temptans
945 4255 1073 4337 palpare
1094 4253 1234 4331 Mariam,
