3016 4982
743 505 983 574 ...132-

438 683 501 750 Sed
523 687 579 750 snb
601 685 760 750 nocturnis
782 689 888 748 servat
908 686 1089 766 vigilantius
1110 687 1203 752 horis

437 793 491 867 At,
511 791 584 852 dum
604 791 774 872 pervigiles
796 794 949 852 consueto
966 793 1052 852 more
1073 797 1220 874 parentes

439 894 597 958 Excubiae
619 895 698 976 proli
720 895 918 956 celebrabant
938 899 1042 957 mente
1064 898 1157 973 fideli,
1266 921 1269 924 ·

439 996 578 1060 Coclites
597 999 647 1060 his
669 998 744 1078 ipsis
765 1002 955 1060 monstratur
977 1001 1058 1060 visio
1077 1002 1164 1062 telis:

140 1115 141 1118 ’
270 1179 271 1183 ¹
353 1100 425 1164 440.
440 1103 581 1182 Denique
603 1103 762 1182 virgineas
785 1103 884 1164 subito
908 1103 1097 1165 descendere
1119 1109 1236 1168 turmas

439 1207 604 1282 Viderunt,
625 1208 728 1287 lapsas
750 1207 846 1266 celeri
868 1206 906 1267 de
930 1209 1055 1268 cardine
1077 1210 1164 1284 coeli,

440 1309 574 1372 Ornatas
597 1311 734 1390 pulchre,
757 1311 848 1390 pleno
871 1314 1069 1392 comptasque
1093 1313 1215 1386 decore,

438 1413 526 1474 Inter
549 1432 625 1493 qnae
647 1413 780 1492 lignem,
803 1413 893 1474 simili
915 1415 1080 1494 splendore
1102 1417 1259 1492 nitentem,

442 1516 644 1598 Conspexere
666 1535 762 1590 suam,
784 1538 840 1599 pro
863 1515 985 1580 Christo
1008 1521 1246 1600 martyrizatam.

354 1618 471 1682 445.A
494 1595 612 1682 derltris
636 1622 723 1701 cujus
745 1621 818 1682 nive
841 1622 998 1683 candidior
1020 1625 1237 1703 stetitagnns.

441 1725 527 1796 Quos
548 1725 657 1786 merito
679 1725 750 1787 fidei
772 1725 862 1786 scivit
885 1725 995 1804 dignos
1017 1729 1170 1804 venerari,

440 1829 559 1890 Blande
583 1829 741 1908 colloquiis
762 1829 831 1890 illos
853 1829 964 1891 affatur
986 1831 1099 1907 amieis,

439 1932 571 1994 Dicens:
593 1933 747 2011 „gaudete
769 1953 888 1995 meeum
910 1934 1096 2012 gratulando
1104 1953 1175 2016 «per
1197 1952 1318 2012 aarum,

442 2035 537 2112 „Sum
558 2036 630 2116 quie
651 2037 776 2098 luciflue
797 2037 881 2116 regis
903 2038 1046 2098 coelestis
1068 2039 1099 2098 in
1121 2040 1193 2100 aula

355 2135 642 2220 450.,‚V1·rgrnrboe
665 2140 763 2201 sacris
784 2141 900 2202 sociata
921 2141 1102 2222 perenniter
1123 2143 1199 2203 isds.

441 2243 503 2320 „Et
523 2263 606 2304 nune
628 2243 659 2304 in
682 2243 776 2306 coelis
797 2244 843 2304 illi
865 2246 1036 2326 conjungor
1058 2247 1170 2307 amoris

316 2386 317 2389 =
441 2347 618 2429 „Amplexu
640 2347 732 2423 dulci,
754 2365 844 2427 quem
866 2367 988 2428 semper
1010 2351 1113 2410 mente
1135 2350 1219 2412 fideli

440 2451 611 2527 „interris
634 2453 723 2526 colui,
747 2452 874 2532 onpiens
897 2453 962 2512 sine
984 2453 1176 2517 fine·tueri.“

440 2553 500 2616 Hie
520 2555 618 2635 igitur
641 2555 738 2630 dictis,
761 2556 860 2616 enbito
884 2555 1026 2618 discessit
1046 2559 1086 2618 ab
1108 2558 1177 2618 illie.

357 2653 429 2719 455.
445 2658 515 2732 Qui,
538 2659 665 2720 nimium
686 2658 760 2720 laeti
782 2661 868 2720 tanto
890 2660 1045 2720 solamine
1061 2661 1143 2736 facti,

443 2760 607 2825 Siecabsnt
628 2763 779 2838 lacrimae,
797 2783 896 2844 super
919 2765 986 2845 ejus
1008 2766 1106 2825 morte
1128 2764 1259 2838 reluces,

441 2863 485 2926 Et
505 2866 614 2926 landes
635 2865 764 2930 Domino
785 2867 961 2947 psallebant
982 2887 1059 2928 vooe
1081 2887 1202 2943 canora,

442 2967 503 3038 Qui
524 2971 595 3050 post
616 2969 694 3030 dura
715 2969 779 3030 suis
802 2970 909 3031 tribuit
930 2972 1097 3034 certamina
1119 2973 1234 3034 senode

443 3069 587 3133 'l'estibus
609 3077 756 3134 aeternae
778 3075 948 3136 elementer
968 3076 1105 3157 praemia
1125 3076 1217 3140 vitae.

813 3177 923 3242 Amen.

378 3329 559 3341 ——n-n—nn—

1500 3287 1501 3312 l

382 3411 428 3456 436.
443 3410 651 3469 vegetantibus,
669 3411 691 3456 S.
726 3410 770 3457 tte.
785 3413 957 3470 Adder'trln,
974 3415 1003 3458 Μ.
1037 3413 1084 3461 lta.
1097 3415 1178 3460 Dicens
1192 3417 1382 3471 gandeteqac

448 3495 544 3538 meeum,
568 3485 604 3542 ας
619 3497 696 3526 nunc
716 3485 810 3540 gaudete
827 3499 922 3540 meeum,
943 3486 967 3531 S.
994 3485 1040 3532 tl9.
1056 3487 1205 3542 lucifluo,
1226 3487 1264 3542 m,
1279 3486 1305 3530 P.
1321 3500 1343 3531 n.
1358 3487 1381 3530 C.
1500 3479 1501 3504 ³
