3068 4986
532 523 772 596 2—803-

132 704 428 802 progressionis
452 710 639 800 quantum
665 727 779 778 meae
802 703 979 778 inscitiae
1011 704 1174 782 difficul.

137 822 229 896 tatis
265 821 478 912 obstiterit,
511 821 600 916 ipsa
636 819 830 914 conjicere
859 811 1170 918 potestis,vquia

134 938 233 1010 haec
257 938 394 1012 eadem
419 958 493 1008 nec
514 937 625 1031 prius
648 937 792 1030 scripta
816 936 993 1031 repperi,
1020 960 1094 1012 nec
1118 939 1170 1015 ab

135 1053 265 1147 aliquo
296 1051 475 1150 digestim
494 1062 523 1133 5)
550 1041 870 1147 sufficienterque
900 1051 1002 1124 dicta
1024 1053 1170 1131 elicere

138 1169 255 1264 quivi,
280 1168 353 1242 sed
383 1169 507 1244 veluti
538 1169 572 1242 si
603 1168 743 1264 aliquis
767 1167 925 1242 nescius
950 1169 1075 1262 ignoti
1099 1192 1172 1264 per

135 1283 377 1358 latitudinem
400 1283 524 1358 saltus
545 1285 691 1366 essetll
717 1284 855 1376 iturus,
871 1285 937 1356 ubi
961 1285 1087 1364 omnis
1109 1307 1173 1360 se·

136 1401 233 1474 mita
258 1401 377 1476 nivali
404 1400 597 1474 densitate
612 1398 813 1474 velaretur
832 1400 1009 1493 obducta,
1032 1401 1171 1496 hicque

140 1517 249 1605 nullo
284 1517 398 1608 duce,
431 1515 509 1594 ¹sed
541 1515 626 1588 solo
654 1515 1050 1610 praemonstrantium
1074 1522 1172 1604 nutu

140 1632 340 1724 inductus,
374 1655 476 1704 nunc
506 1653 579 1728 per
609 1630 722 1704 devia
755 1637 919 1724 erraret,
949 1653 1053 1724 nunc
1076 1631 1171 1706 recti

135 1748 334 1820 tramitem
377 1745 486 1820 callis
527 1744 727 1842 inprovise
771 1746 1010 1839 incurreret,
1046 1745 1170 1820 donec

136 1863 295 1950 tandem
322 1884 485 1936 emensa
508 1861 700 1934 arboreae
724 1860 932 1934 medietate
952 1861 1169 1958 spissitudi-

137 1980 219 2072 nis,
255 1979 382 2052 locum
426 1983 584 2074 optatae
627 1976 978 2070 comprehenderet
1017 1978 1170 2074 quietis,

137 2096 291 2190 illicque
323 2092 485 2190 gradum
517 2093 656 2187 figenS,
690 2091 853 2164 ulterius
879 2091 1065 2187 progredi
1090 2117 1170 2168 non

138 2215 427 2306 praesumeret,
447 2231 571 2306 usque
589 2208 677 2280 dum
693 2207 757 2279 vel
775 2207 850 2279 alio
865 2211 1171 2302 superveniente

140 2325 409 2419 induceretur,
442 2325 506 2398 vel
530 2322 804 2420 praecedentis
835 2323 1004 2418 vestigia
1035 2326 1172 2400 subsc-

140 2447 338 2537 queretur,
366 2483 407 2498 -
436 2441 577 2528 haut⁷)
608 2439 722 2513 aliter
755 2459 843 2532 ego,
878 2440 1168 2536 magnificarum

140 2555 404 2653 prolixitatem
445 2579 575 2630 rerum
612 2553 726 2650 jussa
765 2556 936 2652 ingredi,
980 2556 1169 2649 regalium

140 2672 422 2767 multiplicitate
454 2678 653 2768 gestorum
684 2670 856 2744 nutando
887 2677 927 2744 et
953 2671 1170 2743 vacillando

143 2788 364 2882 aegerrime
386 2787 611 2878 transcurri,
621 2792 651 2876 ⁸)
673 2788 809 2882 hisque
828 2787 1032 2860 admodum
1050 2786 1172 2860 laces·

139 2904 228 2995 sita,
252 2904 487 2998 competenti
514 2903 552 2974 in
579 2902 665 2974 loco
690 2903 892 2998 pausando
918 2901 1073 2996 silesco,
1099 2925 1171 2974 nec

137 3018 358 3112 augustalis
389 3019 665 3114 proceritatem
699 3018 959 3096 excellentiae
989 3017 1075 3090 sine
1105 3016 1172 3090 du·

139 3140 226 3206 catu
264 3155 418 3229 appono
459 3135 604 3206 subire.
663 3135 706 3205 Si
746 3135 847 3206 enim
883 3132 1170 3206 facundissimis

139 3249 503 3324 dissertissimorum
544 3249 768 3342 sententiis,
810 3271 907 3344 quas
948 3248 1012 3319 vel
1056 3248 1170 3319 modo

140 3365 305 3460 scriptas
339 3365 401 3438 vel
434 3365 585 3452 ocius⁹)
621 3364 668 3436 de
696 3364 756 3436 his
781 3365 900 3437 rebus
928 3385 1008 3435 non
1040 3362 1170 3435 dubito

139 3476 227 3553 fore
254 3479 494 3572 scribendas,
516 3479 656 3552 fuerim
678 3478 860 3572 animata,
883 3477 1055 3550 fortasse
1078 3499 1172 3549 nau·

139 3597 321 3690 ciscerer,
347 3595 449 3670 unde
476 3594 552 3668 mei
571 3595 767 3683 rusticitas
783 3594 984 3667 velaretur
1000 3592 1172 3688 aliquan-

139 3713 274 3808 tisper.
314 3711 437 3784 Nunc
467 3717 597 3786 autem
631 3733 749 3785 omne
780 3710 884 3786 letus
908 3715 1018 3784 tanto
1043 3709 1169 3804 magis

162 3899 343 3910 ......—--—-

183 3987 210 4069 ⁶)
233 3984 448 4063 digestum,
477 3981 557 4064 Ml)
587 3985 710 4057 osset,
742 3983 821 4044 fehlt
848 3980 880 4042 in
908 3980 974 4043 Ptz.
1019 3978 1170 4060 ⁷)hanc

236 4071 337 4146 aliter,
361 4069 407 4148 S.;
438 4091 510 4149 ego
541 4067 831 4131 telloneus
874 4067 901 4148 θ)
923 4071 1169 4143 transcurre,

236 4157 278 4218 M.
308 4177 337 4218 u.
360 4156 410 4234 P.;
439 4159 740 4232 transcurrere,
770 4153 803 4218 O.
825 4175 854 4217 u.
877 4152 909 4217 S.
956 4153 983 4235 ⁹)
1004 4151 1039 4214 P.
1061 4153 1172 4216 tndert

188 4242 204 4274 '
226 4244 338 4310 ocius
360 4243 393 4305 in
414 4243 558 4328 polius.
