3016 4982
816 523 1054 592 -124-

511 699 601 779 „Quo
623 700 778 786 parcendo
801 703 888 764 tuum
909 702 998 766 citius
1020 705 1053 765 te
1075 701 1202 766 flectere
1225 701 1338 768 collum

506 804 589 882 „Sub
612 806 709 868 sacris
732 805 849 869 Vestae
870 805 985 888 plantis
1007 807 1117 868 faciam
1139 807 1347 885 venerandae,

504 909 662 991 „luraque
684 913 859 972 nostrorum
881 931 995 974 numen
1016 912 1142 993 placare
1164 912 1300 976 deorum

422 1007 491 1076 185.
505 1011 588 1090 „Sed
611 1014 645 1092 si,
669 1017 731 1080 tem
752 1016 856 1080 mitem
879 1016 1053 1097 spernendo
1075 1017 1135 1077 mei
1157 1017 1313 1098 pietatem,

501 1116 773 1195 „Contraluctaris,
794 1139 864 1182 mea
884 1112 943 1182 nec
964 1123 1131 1202 praecepta
1152 1121 1304 1200 sequaris,

501 1221 611 1298 „Ultra
633 1243 694 1286 non
716 1243 819 1306 pareo,
842 1224 907 1300 sed,
929 1224 992 1285 vim
1009 1225 1126 1305 justam
1147 1224 1297 1297 faciendo,

502 1325 644 1402 „Mandu
667 1330 724 1389 sub
745 1331 915 1390 obscoenae
937 1328 1063 1390 latebris
1084 1331 1115 1389 te
1139 1328 1276 1390 claudier
1296 1327 1395 1404 aedis,

503 1429 560 1503 „In
583 1449 644 1510 qua
666 1431 842 1493 criminibus
863 1435 972 1514 turpes
995 1432 1133 1512 gaudent
1153 1431 1308 1508 mulieres,

421 1527 490 1592 190.
505 1531 566 1606 „Et
589 1534 699 1595 fecium
720 1537 908 1617 pollutarum
929 1536 1042 1598 sociam
1063 1536 1270 1610 meretricum,

500 1635 588 1709 „Quo
610 1640 653 1712 tu,
676 1657 756 1718 quae
780 1641 863 1700 clara
886 1641 983 1722 polles
1007 1639 1045 1701 de
1068 1639 1164 1720 stirpe
1187 1641 1300 1712 create,

504 1738 667 1814 „Dedecus
690 1763 778 1804 omno
801 1745 862 1805 tuis
885 1744 926 1804 sis
949 1746 982 1804 et
1001 1743 1139 1804 confusio
1162 1741 1289 1823 turpis.“

502 1842 546 1904 At
568 1863 657 1905 sacra
678 1846 766 1926 virgo
788 1847 877 1908 minis
899 1847 1025 1909 nimium
1048 1846 1205 1927 trepidans
1228 1863 1323 1926 super
1344 1844 1417 1921 istis,

500 1945 658 2010 Audacter
680 1970 753 2012 mox
773 1952 932 2032 praefecto
954 1951 1039 2012 dedit
1059 1951 1119 2012 ists
1140 1967 1305 2031 responsa:

417 2045 486 2110 195.
502 2048 555 2124 „Si
576 2054 609 2112 tu
630 2071 762 2134 namque
775 2056 876 2116 Deum
896 2055 993 2115 scires
1015 2055 1106 2126 hunc,
1129 2071 1221 2134 quem
1242 2052 1309 2114 colo
1324 2071 1436 2126 verum,

500 2153 668 2236 „Illiusque
690 2162 875 2239 potestatem
896 2159 962 2219 sine
984 2159 1045 2219 fine
1067 2159 1235 2237 vigentem,

497 2257 587 2333 „Qua
609 2279 731 2342 semper
752 2263 891 2346 proprios
913 2262 963 2343 pie
985 2261 1186 2324 confortando
1209 2259 1375 2334 ministros,

499 2362 647 2443 „Antiqui
669 2366 795 2428 fraudes
817 2369 913 2430 hostis
936 2367 1147 2446 confringeret
1168 2384 1282 2440 omnes,

500 2465 607 2540 „Talis
628 2471 726 2531 verba
747 2473 801 2533 tuo
823 2473 921 2534 nolles
943 2471 1132 2555 profundere
1153 2472 1264 2543 rostro,

412 2561 483 2627 200.
501 2569 587 2642 „Nee
608 2572 681 2633 mihi
704 2577 839 2636 terrores
861 2577 953 2638 toties
975 2593 1167 2657 praeponere
1189 2571 1304 2633 tristes.

499 2671 599 2746 „Hinc
622 2695 690 2756 ego,
713 2697 801 2757 quae,
825 2680 971 2740 sectando
994 2679 1086 2741 fidem
1107 2675 1221 2740 Christi
1242 2675 1407 2748 meliorem,

497 2775 610 2849 „Illum
632 2799 783 2858 cognosco
803 2801 923 2844 necnon
947 2801 1116 2862 cognoscor
1138 2782 1176 2840 ab
1199 2779 1260 2854 illo,

496 2879 618 2961 „Ipsius
640 2883 753 2946 dextra
772 2905 822 2946 me
845 2887 1031 2948 defendente
1054 2901 1198 2966 superna,

497 2983 615 3066 „Spero
638 2987 741 3049 delicti
761 3009 927 3071 numquam
948 2989 1076 3050 maculis
1098 2986 1217 3060 violari,
1278 3057 1281 3061 ,

410 3080 484 3146 205.
501 3085 630 3162 „Cernis
653 3093 815 3173 spurcitias
838 3093 957 3173 fragilis
980 3095 1036 3154 sed
1058 3093 1185 3154 vincere
1207 3089 1362 3151 cuuotes.“

495 3189 553 3252 His
576 3193 674 3269 dictis,
697 3215 800 3272 saeva,
823 3215 958 3278 praeses,
981 3195 1157 3259 commotior
1179 3195 1234 3269 ira,

496 3293 645 3359 Ocelestis
668 3319 810 3381 sponsam
831 3301 915 3380 regis
934 3302 1028 3381 jussit
1049 3297 1260 3362 venerendam

494 3397 641 3463 Vestibus
664 3407 798 3478 exutam,
821 3407 885 3466 toto
907 3425 1029 3486 quoque
1051 3423 1180 3485 corpore
1202 3399 1326 3477 nudam,

495 3500 706 3568 concurrente
729 3509 809 3568 trahi
832 3509 1048 3570 conventiculo
1070 3505 1219 3588 populari,

407 3598 479 3664 210.
491 3604 590 3686 Inque
612 3610 768 3690 lupanaris
790 3611 914 3691 nigrum
936 3612 1113 3674 concludier
1135 3611 1267 3682 antrum,

493 3707 531 3768 In
554 3730 613 3791 quo
633 3713 741 3774 lascivi
761 3717 902 3796 juvenes,
924 3717 1052 3778 rationis
1075 3713 1176 3793 egeni,

494 3805 649 3894 Colloquio
672 3819 895 3880 scelerosorum
917 3821 1055 3900 gaudent
1076 3816 1246 3879 mulierum.

406 4001 612 4016 Μ

432 4117 477 4163 ¹84.
494 4119 881 4180 'l'urequse‚c.;deorsum‚ll.;
893 4128 1017 4181 deorum,
1030 4127 1054 4168 Ρ.
1065 4124 1107 4168 llo,
1117 4125 1267 4179 mmm-3
1283 4124 1427 4180 nequest-l

499 4189 523 4234 8.
548 4193 591 4237 198.
608 4193 746 4248 Aulique,
765 4195 796 4240 M.
816 4209 838 4237 u.
853 4197 887 4252 P.;
904 4197 1078 4250 confringit
1099 4201 1127 4237 et
1145 4207 1231 4252 osunen,
1253 4200 1279 4241 c.
1293 4211 1316 4242 u.
1332 4199 1354 4240 S.
1384 4196 1426 4240 ult·
1500 4249 1501 4256 ἵ

496 4261 565 4315 loque
581 4261 695 4317 lupanaris
711 4265 808 4316 jussit
821 4268 950 4310 concludier
962 4267 1074 4321 sutrin,
1089 4267 1113 4310 C.
1127 4279 1149 4312 u.
1161 4267 1184 4310 S.
