3048 4980
511 461 751 528 *343⁶-

196 639 288 701 Haeo'
306 636 402 718 igitur
423 636 534 700 modici
555 637 746 702 demonstrat
767 639 882 722 pagina
901 638 973 704 libri

199 743 335 818 Plenius,
359 763 376 804 e
399 741 499 804 causis
521 761 627 802 rerum
649 762 740 824 quem
761 745 939 827 scripsimus
960 745 1077 810 harum.

238 847 328 910 Nunc
351 847 391 907 ad
413 865 489 928 opus
511 849 654 928 caeptum
676 847 788 910 devota
810 849 1033 930 perficiendum

108 949 159 1014 90.
192 950 252 1012 Est
274 949 502 1012 convertendus
525 951 626 1032 stylus
647 953 754 1014 noster
776 952 940 1015 studiosus.

194 1055 255 1117 Ast
276 1054 329 1115 ubi
350 1053 495 1115 Liudulio
518 1053 622 1115 fuerat
642 1055 830 1118 venerabilis
854 1055 922 1118 Oda

194 1158 335 1221 Foedere
357 1158 452 1238 legali
474 1157 646 1238 conjuncta,
669 1179 724 1220 suo
747 1160 870 1237 seniori,

194 1261 282 1323 Inter
303 1262 458 1323 nostrates
480 1262 611 1325 celebris
632 1263 810 1344 profecerat
832 1283 936 1326 omnes

195 1365 334 1428 Moribus
357 1367 390 1428 et
411 1365 511 1442 factis,
534 1365 644 1428 callem
665 1368 812 1446 gradiens
833 1368 974 1450 pietatis3

108 1467 160 1536 95.
192 1470 408 1552 Exemploque
431 1487 505 1532 suae
527 1471 638 1532 vivens
660 1472 768 1533 matris
789 1473 998 1550 venerandae,

194 1575 235 1638 Se
257 1577 354 1638 totam
374 1575 504 1636 Domino
527 1575 760 1638 commendabat
780 1595 874 1658 prece
896 1593 994 1653 sacra,

195 1678 294 1742 Corde
317 1681 427 1742 tenens
448 1678 556 1740 matris
577 1679 726 1742 monitum
747 1679 876 1743 claustri
896 1680 1038 1744 faciendi

192 1783 275 1846 Hinc
296 1802 369 1844 nam
389 1783 524 1862 legalem
545 1802 607 1844 non
629 1801 701 1844 raro
723 1784 773 1844 sui
794 1785 948 1846 seniorem

193 1887 427 1950 Exhortabator
448 1887 568 1948 blandis
589 1887 715 1948 nimium
737 1883 881 1963 suadelis,

106 1989 178 2056 100.
194 1992 237 2057 Ut
258 1993 467 2072 degenerum
489 1991 715 2052 construxisset
734 1991 931 2072 propriarum

195 2095 326 2178 Sumpta
348 2095 528 2158 coenobium
549 2095 662 2156 divinis
684 2094 827 2158 laudibus
850 2097 964 2176 aptum,

194 2199 233 2261 ln
256 2220 315 2280 quo
338 2197 507 2260 sacrandae
529 2197 658 2260 Domino
680 2199 835 2260 velamine
857 2217 947 2262 sacro

192 2303 362 2366 Fiuetenus
385 2305 489 2364 castae
511 2305 639 2385 possent
660 2303 801 2364 habitare
822 2304 947 2385 puellae

193 2408 296 2490 Atque
319 2425 433 2469 vacare
452 2407 504 2468 sui
526 2405 843 2468 sanctifamulamine
866 2407 979 2490 sponsi

105 2509 178 2575 105.
191 2511 250 2572 His
273 2531 348 2592 ergo
370 2511 492 2573 monitis
513 2511 563 2571 vir
585 2510 781 2572 concedendo
803 2511 913 2588 fidelis,

193 2613 341 2697 Oonjugis
362 2617 479 2678 electas
501 2614 645 2698 precibus
669 2621 870 2677 consenserat
891 2617 973 2698 apte,

191 2717 239 2782 Ac
262 2719 306 2780 sic
329 2719 481 2782 communi
503 2718 608 2780 similis
631 2719 789 2780 conamine
810 2719 877 2780 voti

192 2823 363 2884 Deservire'
383 2823 450 2886 Deo
473 2825 643 2904 coeperunt
663 2823 804 2904 protinus
827 2823 923 2884 ambo.

194 2925 272 2998 Quis
294 2927 355 2988 suit
377 2926 528 2988 ecclesiae
549 2927 703 3008 possessio
727 2926 858 3008 denique
879 2945 998 3008 parvas

104 3028 178 3094 110.
197 3031 297 3092 Trans
319 3031 402 3112 ripas
426 3027 555 3093 Grandae
578 3047 673 3112 supra
693 3032 839 3092 montana
859 3031 988 3108 locatae,
1059 3071 1062 3076 ι

193 3134 285 3198 Unde
314 3135 416 3195 locum
445 3133 600 3196 celebrem
627 3135 804 3197 vocitabant
826 3133 1140 3198 Gaudeshemensem.

192 3237 270 3314 Illic,
294 3237 439 3320 obsequio
461 3237 583 3300 Domini
605 3239 699 3318 digne
722 3223 907 3301 celebrando

192 3341 274 3404 Dum
294 3342 381 3403 locus
402 3341 587 3421 investigari
608 3344 714 3424 posset
733 3343 832 3423 magis
855 3343 956 3424 aptus,

193 3443 351 3507 Communi
372 3446 485 3507 multas
507 3445 572 3507 vita
591 3447 727 3528 junxere
748 3441 897 3528 puellas,'

106 3545 179 3612 115.
195 3548 299 3630 Atque
322 3551 370 3610 sui
390 3554 495 3612 natam
515 3550 724 3613 decreverunt
744 3548 973 3612 Hathumodam

193 3653 251 3714 His
273 3643 380 3714 habitu
402 3653 532 3716 similem
553 3654 621 3716 fieri
643 3655 816 3736 sociamque
838 3673 1016 3737 perennem.

192 3757 296 3838 thue
316 3757 464 3840 puellaris
486 3758 604 3819 rectrix
626 3758 693 3820 fore
715 3760 822 3841 posset
843 3757 942 3834 ovilis,

106 3913 290 3924 .-.-.-.---

132 3997 167 4040 st.
183 3991 251 4048 linc,
265 3993 318 4035 Lck.
345 3995 378 4038 88.
396 3993 528 4036 lirotsvitba
546 3987 610 4035 wels't
623 3995 672 4036 hier
688 3991 732 4038 aui
740 3995 774 4038 ihr
787 3988 882 4038 'carmen
896 3998 923 4039 de
935 3989 1004 4050 gestis
1015 3985 1113 4038 ¹(lidonis
1122 3992 1140 4042 l.

185 4064 231 4108 blo.
254 4065 299 4108 101.
314 4066 441 4117 sumptu,
456 4069 618 4118 proruptus,
630 4065 672 4118 Ap.
692 4067 734 4109 1⁰3.
749 4065 915 4120 posent,Ap.
947 4067 988 4108 109.
1004 4063 1140 4118 areleffi.

189 4135 231 4177 1¹³.
247 4133 410 4188 aparinen,
421 4131 473 4176 Lck.
485 4133 557 4184 salig
573 4133 727 4186 locus-aptus.
758 4134 801 4180 ua.
817 4147 911 4176 coram
926 4137 981 4174 atatt
993 4135 1139 4188 communi,

185 4202 244 4259 ΑΜ
259 4203 313 4246 cc..
323 4233 337 4258 .,
352 4202 406 4248 bak.
434 4203 480 4246 117.
492 4200 585 4256 Atque
600 4201 715 4258 puellaris,
729 4204 807 4258 Apso.
823 4203 890 4260 Lem
906 4202 955 4244 iera
968 4206 1084 4258 reatris,
1098 4203 1140 4258 Ap.
