3010 4978
790 501 1031 570 -122-

397 675 466 745 120.
482 678 677 746 Conveniunt
699 679 799 744 subito
821 680 948 756 medici,
975 678 1064 742 velut
1084 675 1207 757 agmine
1229 674 1321 752 teoto,

479 787 649 868 Apponunt
668 786 763 848 seriis
786 789 874 868 eptas
895 784 1009 846 morbis
1030 782 1208 856 medicinas,

480 889 600 952 Herum
621 890 676 951 sed
696 890 806 970 juveni
827 890 870 950 nil
892 888 1073 970 profioiehet
1093 884 1216 946 omenti.

482 993 621 1058 Tandem
642 996 818 1067 senserunt,
842 993 924 1072 qnod
945 1011 1019 1052 mox
1034 989 1117 1072 petri
1138 988 1322 1063 retulerunt,

484 1095 554 1159 Non
576 1097 635 1159 hoo
656 1097 815 1176 languoris
837 1096 968 1174 signum,
991 1094 1047 1154 sed
1071 1092 1160 1154 fortis
1182 1090 1303 1164 amoris,

397 1197 467 1262 125.
484 1200 574 1270 Quod
597 1201 795 1262 contristatus
817 1203 977 1282 pateretur
998 1198 1079 1262 filius
1101 1197 1176 1276 ojus.

488 1303 565 1376 Quo,
588 1306 687 1387 peter,
710 1303 823 1379 audito,
846 1321 940 1366 oense
959 1302 1118 1380 morbique
1143 1300 1278 1381 reperto,

481 1407 525 1471 Ut
546 1408 595 1470 leo
618 1407 829 1482 frendescens,
850 1407 990 1488 rapidam
1011 1421 1181 1466 conuersus
1202 1403 1234 1464 iu
1254 1402 1351 1482 irem,¹

482 1510 604 1593 incepit
623 1512 800 1592 percontari
820 1511 906 1572 rabie
928 1509 1063 1583 furienti,

483 1612 560 1682 Quis
580 1615 661 1676 foret
682 1615 735 1675 ille
757 1615 920 1697 potestatis
943 1613 988 1674 sie
1010 1610 1185 1693 imperialis,
1217 1640 1222 1644 ·

398 1713 521 1777 130.1n
544 1737 605 1797 quo
628 1737 683 1799 spe
705 1736 795 1793 rana,
817 1717 917 1797 virgo,
940 1716 1062 1790 oonfise
1086 1717 1221 1796 superbe

479 1818 637 1897 Crederet,
661 1841 730 1882 esse
752 1823 809 1882 sibi
828 1823 969 1902 junotum
991 1821 1208 1900 contempnere
1230 1819 1346 1891 ustum,

477 1922 565 2004 Ejus,
588 1926 648 2004 qui,
670 1925 754 2008 plebi
774 1925 882 1986 merito
906 1924 1125 1986 celeberrimus
1147 1922 1237 1996 omui,

480 2026 574 2092 Esset
597 2029 750 2108 condigne
774 2048 889 2090 summo
912 2032 1080 2109 provectus
1101 2028 1224 2088 honore.

481 2131 569 2195 Haeo
592 2133 645 2194 uhi
667 2133 814 2194 disseruit
835 2131 990 2211 nimioque
1011 2132 1115 2192 surore
1137 2128 1274 2202 latravit,

397 2231 466 2298 135.
486 2234 650 2318 Comperit,
673 2237 753 2296 hono
774 2236 880 2318 ipsam,
904 2253 992 2295 sauro
1013 2234 1195 2314 baptismate
1216 2233 1321 2306 dotem,

478 2339 602 2419 Agnou,
624 2340 845 2415 ehristieolem,
868 2337 973 2420 primis
995 2336 1062 2398 fore
1084 2355 1205 2416 semper
1227 2337 1265 2396 eb
1290 2333 1383 2408 annis,
1492 2397 1493 2400 ,

479 2442 522 2504 Et
544 2443 775 2506 conservandae
797 2463 853 2524 pro
875 2440 1062 2521 virginitatis
1085 2458 1197 2511 umore,

480 2545 560 2608 Esse
582 2567 672 2608 suum
694 2565 848 2628 sponsum,
872 2545 1020 2608 consueto
1042 2542 1155 2616 dioere,
1178 2539 1342 2615 Christum,
1364 2530 1366 2534 ⁸

481 2648 550 2720 Quo
572 2669 644 2712 nem
665 2655 830 2731 comperto,
852 2649 987 2712 laetatur
1010 2646 1102 2706 eorde
1124 2646 1269 2724 maligno,

395 2748 464 2813 140.
482 2751 627 2834 Sperans,
650 2753 710 2834 (se)
732 2756 872 2814 teneram
892 2751 1001 2812 merito
1024 2750 1138 2810 debere
1165 2751 1301 2830 puellum

488 2855 597 2917 Saeuis
620 2857 658 2916 ad
681 2857 797 2918 cultum
818 2855 925 2936 poenis
946 2873 1060 2932 urgere
1083 2855 1219 2928 deorum,
1290 2926 1293 2931 Ι

481 2959 523 3020 Et
545 2960 590 3022 sio
611 2980 702 3042 posse
725 2980 814 3020 suum
835 2959 961 3018 taudem
981 2957 1135 3037 complere
1157 2957 1303 3033 furorem,

481 3063 550 3133 Quo
574 3084 629 3144 pro
650 3065 828 3144 contemptu
849 3061 914 3122 nati
935 3060 1069 3123 furiebat
1090 3062 1219 3141 aegroti.

480 3166 572 3242 Hine,
595 3168 678 3228 iilam
700 3168 790 3228 eitius
813 3167 880 3228 sisti
901 3167 1115 3246 oonspeotibus
1138 3167 1214 3246 ejus,

396 3266 465 3332 145.
483 3271 589 3345 iussit,
613 3277 644 3332 et
666 3273 818 3332 astantem
840 3271 987 3350 nulloque
1008 3273 1093 3332 metu
1114 3270 1320 3350 trepidantem

477 3373 579 3436 Primo
602 3375 737 3436 suedelis
759 3374 884 3436 nimium
905 3375 1059 3434 muloehet
1079 3374 1195 3448 amieis,

478 3475 566 3538 Tune
588 3478 679 3538 etiam
701 3478 820 3558 probris
843 3479 919 3538 dure
943 3479 1074 3556 oogebet
1095 3477 1215 3552 ameris,

476 3579 519 3642 Ut
541 3597 576 3640 se
597 3582 707 3661 sponte
729 3582 778 3642 sui
799 3581 862 3642 noti
886 3581 1046 3661 eopuluret
1068 3581 1164 3642 emori

478 3683 519 3744 Et
542 3684 705 3744 simulacre
728 3681 819 3746 deirm
840 3685 956 3758 ooleret
979 3682 1196 3766 Christumque
1218 3687 1355 3764 negaret.

394 3783 463 3847 150.
479 3786 540 3847 Sed
562 3787 652 3866 virgo
676 3785 789 3849 Christi
807 3807 866 3850 ueo
888 3789 1047 3869 supphoiis
1069 3789 1219 3869 superari,

478 3890 545 3950 Neo
567 3891 783 3952 blandimentis
805 3893 905 3972 potuit
927 3892 1084 3952 devincier
1106 3893 1186 3966 ullis,

478 3993 569 4066 Quin*
585 3997 726 4058 servaret
748 3995 876 4056 amatori
898 3994 964 4056 siue
988 3995 1096 4056 frende
1118 3996 1224 4077 priori,

420 4179 638 4232 tssdperfrctus,
656 4181 680 4223 C.
714 4179 757 4223 roo.
774 4179 990 4232 Spernnstenrranr,
1006 4180 1036 4220 M.
1065 4181 1172 4233 Spomns3
1196 4193 1254 4222 mox
1275 4183 1349 4220 tenera

479 4261 500 4292 u.
516 4247 548 4302 S.;
566 4249 590 4289 Ρ.
608 4255 717 4293 reservor
732 4249 829 4302 sperans
844 4249 883 4293 Ει.
915 4250 957 4295 lto.
971 4251 1035 4292 netto
1053 4259 1120 4307 motu=
1135 4252 1160 4294 c.
1172 4262 1193 4295 u.
1212 4249 1235 4294 S.

1351 4191 1375 4229 m,
1387 4175 1406 4217 C.
