3022 4982
514 529 732 596 ...15-

106 721 178 786 220.
192 723 308 787 Omnes
331 727 425 806 atqm
447 744 503 786 suo
526 725 663 786 salvaret
684 723 835 804 sanguine
857 743 955 799 sacro,

192 829 241 892 Ne
264 834 336 911 post
356 831 435 892 haec
455 829 580 908 generis
602 829 727 892 humani
748 828 877 890 callidus
899 828 996 890 hostis

190 930 351 996 Gauderet
371 933 517 994 muudum
537 933 656 1014 laqueis
678 933 815 994 retinere
837 932 989 1010 malignis,

190 1035 252 1098 Sed
275 1035 387 1098 Patris-
401 1041 432 1098 et
452 1036 533 1112 Noti,
555 1057 669 1098 numen
691 1057 811 1116 quoque
832 1035 1011 1100 Pneumatis
1033 1034 1106 1099 alni

191 1140 326 1220 Aequeli
348 1142 446 1202 forma
468 1141 589 1222 pollens
611 1142 668 1202 sub
691 1141 813 1202 nomine
833 1137 924 1202 triuo'

110 1239 179 1306 225.
191 1243 364 1307 Finotenus
386 1245 526 1306 stabilem
546 1251 697 1323 regnaret
713 1245 786 1324 jure
807 1263 864 1324 per
887 1231 999 1304 orbem.

235 1347 379 1426 Angelus
390 1349 576 1427 astrigerum
586 1350 750 1429 postquem
763 1347 955 1408 transcendit
973 1348 1137 1430 olympum,

164 1481 169 1488 ·
188 1449 254 1512 Vix
276 1453 398 1532 patiens
420 1451 558 1514 Joaohim
580 1453 684 1512 tantae
705 1451 871 1532 praeconio
892 1469 1014 1527 causae,

189 1553 232 1615 Et
254 1558 354 1619 tactos
373 1557 476 1637 jaculo
498 1556 626 1619 terroris
648 1555 782 1634 denique
803 1573 925 1633 magno,

192 1657 315 1720 Stratus
336 1659 474 1739 actusque
496 1660 595 1720 solum
616 1659 688 1720 doni
708 1659 824 1721 uirtute
851 1658 987 1740 superni,

108 1757 375 1826 sturminium
394 1764 490 1844 jacuit
511 1783 631 1824 necnon
654 1763 720 1824 sine
741 1765 845 1826 mente
868 1762 985 1842 quievit

189 1865 293 1946 Ipsius
315 1868 414 1942 sexto,
437 1867 469 1930 ni
490 1867 589 1942 fallor,
612 1867 691 1930 forte
714 1866 783 1941 diei,

190 1967 271 2030 Dum
294 1969 341 2042 sol
361 1991 460 2050 uspue
482 1991 571 2034 suum
593 1969 742 2032 eonolusit
762 1989 895 2051 vespere
916 1989 1047 2030 cursum.

232 2072 360 2134 Interea
381 2074 471 2154 pueri
490 2077 644 2136 venerunt
666 2094 735 2136 cum
757 2092 855 2152 grege
877 2073 960 2147 lessi,

192 2173 330 2256 Cumque
352 2197 442 2240 suum
464 2178 617 2242 dominum
638 2175 703 2240 tote
723 2177 830 2238 videre
850 2177 992 2251 locatum,

108 2273 361 2341 235.Comminus
383 2281 542 2344 adstantes
563 2284 733 2362 coeperunt
754 2281 874 2344 discere
896 2280 1003 2342 tristes

196 2381 327 2446 Causam
348 2385 477 2448 terroris
498 2387 622 2446 turbata
643 2388 747 2448 mente
768 2384 911 2446 recentis.

195 2485 303 2568 Ipsum
324 2493 468 2570 percerte
490 2489 547 2550 sed
567 2489 623 2550 vix
644 2491 773 2569 potuere
795 2488 910 2560 leuare.

194 2589 272 2660 Quis
295 2612 365 2657 cunr
386 2593 528 2654 eoelestis
549 2594 709 2656 narrasset
730 2590 838 2654 nuntia
861 2590 946 2667 oivis,

191 2693 365 2758 Sueeerunt
385 2696 430 2758 ilii
448 2697 544 2778 jussis
565 2715 677 2780 perere
700 2696 842 2778 supernis

110 2791 170 2856 240
179 2796 221 2858 Et
243 2799 350 2881 rapido
371 2801 503 2882 patriam
524 2819 616 2864 cursu
637 2801 789 2882 repedare
810 2800 958 2862 relictam

191 2901 261 2979 Qui,
284 2904 432 2984 gregibus
453 2889 551 2981 lectis,
574 2904 660 2966 silvis
683 2904 824 2966 discessit
846 2905 883 2966 ab
906 2903 968 2964 illis

192 3005 240 3070 Ao
263 3009 404 3087 gaudens
425 3029 538 3090 pueros
560 3029 665 3071 secum
687 3009 860 3072 deduxerat
878 3008 971 3090 ipsos.

190 3109 234 3179 Et
255 3131 324 3172 cum
345 3113 531 3176 transissent
551 3113 683 3194 spatium
704 3111 832 3192 triginta
854 3112 980 3188 dierum,

191 3215 334 3296 Angelus
357 3217 457 3280 oranti
478 3223 603 3280 sanetae
626 3215 794 3298 comparuit
814 3215 926 3278 Annae
953 3265 958 3272 .

112 3314 179 3380 245.
190 3318 232 3380 Et
254 3339 323 3382 cum
340 3321 479 3404 ‘pacificis
502 3320 691 3402 deprompsit
709 3319 924 3389 taliuverbis:

192 3423 397 3505 „Emungere
419 3426 528 3500 animo,
549 3425 639 3487 vultu
662 3444 783 3505 quoque
805 3443 903 3505 perge
925 3439 1036 3488 sereno

193 3527 263 3604 „Ad
284 3532 405 3610 portem
426 3529 535 3605 subito,
560 3548 638 3610 quae
661 3528 773 3592 dieitur
795 3547 890 3593 aurea
911 3528 1035 3608 vulgo;¹

193 3631 282 3709 „Illic
304 3634 384 3696 forte
406 3636 493 3695 tuum
515 3651 632 3696 summe
655 3651 820 3714 cumpace
842 3649 1006 3694 reversum

118 3805 121 3818 Ι
193 3733 363 3816 „Legalem
383 3737 537 3804 domiuum
558 3757 631 3799 mox
653 3736 822 3818 comperies
844 3736 911 3798 sore
932 3734 1066 3806 virum.“

113 3835 180 3900 250.
194 3838 283 3910 Quae
306 3841 396 3902 citius
419 3841 499 3904 dicto
518 3843 639 3923 jussum
661 3839 826 3922 compleuit
847 3839 1017 3913 emendum,

198 3943 427 4027 Impatiensque
448 3963 552 4008 morae
574 3943 716 4027 perrexit
733 3943 775 4006 ad
795 3943 873 4008 ostia
893 3947 1011 4027 portae,

117 4105 288 4128 ——u-d--a-'ua

141 4217 184 4260 tto.
200 4218 344 4272 solveret,
362 4217 394 4260 ti.
409 4229 431 4260 o.
446 4217 471 4263 P.
487 4217 554 4271 vergi.
571 4219 595 4260 L.
609 4217 624 4259 Ι.
637 4219 662 4260 (i.
678 4219 707 4263 10.
734 4217 866 4281 wt'tott,
880 4229 911 4262 oc.
927 4213 999 4274 trrrd3
1016 4219 1136 4272 protrudi

202 4287 281 4346 sidere,
296 4286 321 4332 C·
337 4298 360 4335 s·
375 4285 398 4333 S·
425 4287 472 4336 2⁴3·
487 4289 669 4345 tennerunt,
690 4287 716 4340 c.
730 4299 753 4341 ι,
765 4286 807 4342 8.,
847 4334 851 4342 ,
