3048 4980
756 495 994 564 ...346-

445 673 499 754 „si
520 676 713 738 sacramento
735 673 921 736 confirmetis
945 673 1019 736 mihi
1041 673 1131 750 fecto,

359 777 428 843 180.
443 780 551 858 „Haec
572 779 604 842 in
626 778 764 842 coenobii
785 777 930 840 venerari
948 779 1013 860 jem
1034 777 1194 841 memorati

443 884 633 961 „finetenus
654 883 768 965 templo
790 883 889 944 vestri
910 881 1077 944 munimine
1100 881 1193 958 fecto,

443 987 560 1064 „Nocte
583 988 695 1070 dieque
718 986 814 1048 sceris
835 986 899 1047 illic
920 985 1136 1048 resonentssrus
1158 985 1290 1068 hymnis,

441 1092 589 1169 „Necnon
611 1110 742 1154 accenso
763 1091 924 1172 praeclaro
945 1090 1060 1152 lumine
1082 1109 1215 1172 semper,

444 1196 532 1274 „Hoc
554 1199 586 1260 ct
607 1194 767 1278 apostolici
786 1193 874 1275 juris,
897 1193 978 1255 siout
999 1197 1031 1256 et
1051 1193 1192 1275 petiistis,

358 1297 428 1366 185.
444 1299 652 1377 „Coenobium
672 1299 769 1362 nostri
792 1298 992 1378 designamus
1015 1297 1130 1373 ditioni,

441 1403 504 1481 „Ut
524 1407 719 1467 terrenorum
741 1403 781 1465 sit
804 1421 949 1464 securum
970 1402 1188 1465 dominorum“

442 1507 500 1570 His
524 1509 588 1570 dux
609 1509 767 1591 promissis
789 1509 923 1570 laetatus
946 1507 1039 1569 corde
1061 1507 1217 1583 uerendis,

442 1611 598 1673 Mendetis
621 1631 655 1672 se
677 1611 829 1694 pontificis
851 1611 960 1674 summi
981 1611 1048 1672 fore
1071 1611 1167 1674 sacris

444 1715 520 1778 Mox
542 1735 763 1798 responsurum
784 1715 884 1792 fectis,
900 1715 1007 1797 inquit,
1030 1715 1184 1790 studiosis,

361 1816 431 1881 190.
446 1819 508 1891 Qui
529 1819 611 1882 foret
631 1819 763 1882 ecclesie
785 1820 898 1900 dignus
920 1839 993 1882 mcx
1015 1819 1214 1882 aedificanda.

440 1921 483 1988 Ut
504 1923 567 1986 fert
588 1924 754 1985 multorum
777 1923 931 1986 sententie
952 1943 1029 1984 vere
1053 1923 1213 1999 scientum,

439 2027 585 2090 Proxime
607 2028 754 2090 coenobio
776 2027 880 2089 fueret
901 2030 975 2089 tunc
997 2027 1118 2103 silvula,
1141 2028 1242 2088 cincta

443 2129 578 2193 Collibus
600 2131 762 2207 umbrosis,
784 2132 895 2211 quibus
917 2134 949 2192 et
971 2150 1027 2192 nos
1050 2131 1202 2211 cingimur
1224 2130 1316 2214 ipsis3

441 2234 572 2297 Necnon
594 2233 625 2297 in
647 2235 728 2296 silve
749 2233 854 2296 fueret
874 2234 934 2296 site
955 2235 1086 2315 parvule
1108 2235 1191 2311 ville,

357 2335 480 2401 195.1n
503 2357 564 2421 que
585 2337 719 2400 Liudulfi
741 2339 822 2400 soliti
845 2337 1001 2400 stabulare
1022 2339 1151 2413 subulci,

439 2441 527 2505 Intra
549 2445 637 2524 septe
658 2443 719 2504 viri
742 2443 902 2524 cujusdem
925 2441 1009 2504 lesse
1031 2443 1127 2524 quieti

440 2542 576 2628 Corpore
598 2545 757 2607 nocturnis
780 2565 836 2607 sue
858 2565 1057 2628 composuere
1080 2548 1137 2607 sub
1159 2547 1252 2621 horis,

440 2648 521 2712 Dum
543 2649 600 2712 sibi
623 2649 799 2712 commissos
822 2650 977 2712 debebant
998 2668 1127 2732 poscere
1149 2670 1267 2732 porcos.

441 2751 501 2814 Hic
525 2755 687 2835 quondam,
710 2773 781 2816 cum
803 2757 980 2816 sanctorum
1001 2755 1181 2816 venerabile
1203 2756 1318 2818 festum

354 2852 426 2918 200.
440 2853 533 2920 Esset
554 2860 736 2920 cunctorum
757 2877 830 2919 mox
852 2860 923 2940 post
945 2858 1071 2920 biduum
1092 2859 1318 2937 celebrandum,
1432 2893 1435 2898 ·

441 2959 504 3024 Sub
526 2961 625 3023 noetis
648 2963 749 3022 eleros
771 2962 909 3024 tenebris
932 2962 1043 3022 erdere
1066 2963 1209 3024 lucernas

439 3062 478 3125 In
502 3064 581 3125 silve
602 3066 714 3126 multas
735 3065 795 3146 ipsi
816 3066 925 3127 videre
948 3067 1074 3128 subulci.

442 3166 501 3230 His
522 3169 608 3245 visis,
632 3169 735 3231 cuncti
755 3170 946 3232 mirabantur
967 3170 1142 3251 stupefacti,

442 3271 525 3343 Quid
547 3291 629 3335 nove
651 3273 841 3355 splendentis
863 3275 960 3336 vellet
982 3274 1039 3335 sibi
1060 3275 1137 3337 visio
1158 3274 1246 3348 lucie,

240 3415 245 3424 ·
357 3371 430 3438 205.
445 3374 525 3438 Miro
546 3379 714 3440 nocturnas
737 3376 881 3438 scindens
904 3378 1068 3459 splendore
1091 3380 1254 3456 tenebres3

442 3477 573 3562 Hocque
595 3477 702 3542 domis
724 3481 806 3562 petri
827 3485 1035 3544 narraverunt
1056 3483 1238 3557 tremefacti,

442 3583 690 3647 Demonstrendo
712 3585 820 3662 locum,
844 3603 935 3666 quem
955 3586 1012 3648 lux
1034 3587 1217 3667 perfoderet
1237 3586 1344 3670 ipsum.

439 3687 501 3760 Qui
522 3689 591 3750 visu
614 3690 697 3752 clere
720 3689 847 3772 cupiens
870 3687 974 3752 audite
997 3692 1139 3772 probare,

437 3791 540 3855 Extra
562 3795 645 3854 tecte
668 3794 775 3856 domus
798 3793 859 3855 illis
881 3793 1024 3855 hebitens
1048 3794 1191 3868 sociatus,

357 3891 430 3958 210.
444 3894 622 3958 Inscmnem
643 3897 744 3982 coepit
765 3899 887 3960 noctem
911 3916 1039 3958 servare
1061 3903 1251 3980 sequentem,

381 4167 625 4223 181.numine,Ap.
662 4169 927 4222 183.aeeensu,teu.
964 4169 1313 4225 191.vers,ueu.,1,u.u.n.
1343 4169 1385 4211 192.

446 4235 529 4280 silvula
544 4243 659 4293 cuncta,
672 4238 714 4294 sp.
730 4251 751 4280 u.
769 4238 822 4285 Lok.
849 4239 897 4283 2⁰8.
912 4237 1009 4294 ciero,
1023 4239 1062 4286 bt.
