3010 4978
530 509 772 578 -119-

156 687 205 754 25.
262 687 352 754 Haec
373 689 483 772 Agnes
506 689 729 769 ergo,me1itis
752 689 920 752 clarissima
941 690 1041 772 virgo,

216 792 357 856 Carmine
379 815 440 856 nou
460 795 541 856 culto
564 794 672 874 pangit
695 813 786 874 quam
807 797 913 856 nostra
936 811 1074 870 camena,

216 898 310 962 Urbis
334 899 471 960 famosae
491 898 678 979 praenobilis
699 898 799 962 incola
820 897 947 974 Romae,

217 1001 336 1064 Prodiit
357 1003 506 1064 almorum
529 1001 613 1062 clara
635 1001 674 1061 de
697 1001 792 1082 stirpe
814 1005 988 1082 parentum,

124 1161 133 1171 „
216 1106 340 1188 Inclyta
362 1107 504 1168 nobilitas
527 1124 603 1185 quos
625 1103 715 1166 vexit
737 1108 769 1166 et
790 1106 871 1168 alma
892 1108 1039 1188 potestas,

159 1205 209 1270 30.
226 1209 321 1272 Ortus
343 1215 436 1290 atque
459 1210 507 1270 sui
528 1209 723 1290 respondens
745 1211 895 1271 nobilitet

215 1312 349 1374 Pulchra
372 1313 430 1374 luit
452 1313 531 1374 facio
552 1314 685 1394 fideique
709 1314 821 1375 decora
843 1312 961 1388 nitore
1039 1367 1041 1372 .

212 1416 392 1498 Praecipuis
414 1415 539 1477 nimium
560 1417 677 1478 meritis
699 1419 874 1498 mundoque
897 1417 1028 1479 celebris
1038 1443 1054 1496 ς.

215 1519 304 1588 Quae
326 1538 405 1595 nam,
428 1521 524 1582 tincta
546 1521 627 1582 sacri
648 1539 727 1602 pura
749 1522 940 1602 baptismatis
961 1521 1046 1584 unda

215 1621 257 1684 Et
279 1623 318 1684 de
341 1623 446 1686 delicti
467 1625 594 1686 maculis
616 1625 763 1686 mundata
784 1625 915 1700 veterni,

152 1722 202 1787 35.
218 1725 259 1788 Se
282 1729 377 1788 totam
400 1725 521 1790 Christo
535 1728 662 1789 devovit
683 1731 786 1790 mente
808 1729 953 1809 benigna,

212 1830 333 1906 Nitens,
356 1835 482 1893 servata
504 1834 583 1894 bene
603 1832 783 1911 virginitate
806 1834 906 1908 beata,

215 1932 371 2015 Spernere
394 1936 536 1998 carnales
558 1935 686 1998 affectus
709 1935 831 1998 fortiter
854 1955 969 2013 omnes,

211 2036 345 2100 Oceh'bis
368 2043 400 2100 et
420 2039 505 2100 vitae
528 2040 638 2100 durum
659 2040 815 2102 luctamen
836 2040 925 2116 inire,

213 2139 291 2220 Quo,
313 2143 428 2204 victrix
450 2143 548 2204 hostis
571 2144 779 2225 corruptelam
801 2143 971 2220 suadentis,

146 2241 196 2306 40.
212 2245 308 2325 Jungi
330 2247 484 2308 coelicolis
506 2247 671 2308 meruisset
691 2247 723 2308 in
745 2247 872 2308 aethere
895 2247 1018 2308 sanctis.

252 2349 320 2426 Ast,
341 2351 394 2414 uhi
415 2351 514 2412 lustra
536 2352 596 2412 duo
619 2352 713 2412 celeri
735 2370 828 2412 cursu
849 2352 1001 2426 revoluta,
1053 2401 1057 2408 .

211 2452 344 2535 Insuper
366 2459 398 2516 et
418 2458 524 2517 ternos
547 2455 658 2516 aetatis
680 2455 803 2516 transiit
824 2472 931 2530 annos,

214 2555 398 2638 Simphronii
421 2557 547 2632 comitis,
568 2557 719 2638 praefecti
740 2558 858 2620 scilicet
878 2559 972 2636 urbis,

212 2659 319 2736 Filius,
339 2662 471 2740 insignis
490 2662 638 2742 juvenilis
660 2664 820 2724 stemmate
842 2663 936 2737 floris,

152 2759 201 2824 45.
216 2763 306 2826 Illius
329 2765 446 2826 formas
470 2765 565 2826 decus
587 2768 621 2827 ut
641 2765 719 2826 vidit
741 2765 908 2846 speciosae,

216 2867 338 2930 Allecto
360 2868 452 2930 nimio
475 2868 576 2930 cordis
599 2889 768 2949 suspensus
790 2869 821 2928 in
843 2869 906 2945 illa,

211 2970 302 3032 Hauc
325 2973 382 3034 sibi
403 2992 478 3053 prae
502 2971 619 3033 cunctis
640 2991 732 3032 unam
754 2973 872 3052 delegit
894 2973 1064 3050 amandam,

211 3074 251 3136 Se
274 3077 464 3138 fortunatum
487 3076 617 3137 credens
641 3079 672 3136 et
693 3076 859 3137 honoribus
881 3079 997 3158 aptum,

210 3178 244 3240 Si
266 3181 329 3240 tam
349 3179 762 3261 praepulchraemeruisset
783 3180 898 3242 hebere
920 3180 1044 3262 puellae

146 3277 193 3342 50.
208 3283 319 3344 Dulcia
341 3304 398 3364 per
419 3284 562 3364 propriae
584 3287 706 3364 tempus
729 3285 882 3345 consortia
903 3285 995 3346 vitae.

206 3385 289 3448 Hinc
310 3387 395 3448 illam
417 3388 500 3461 adiit,
523 3388 626 3448 multis
656 3387 817 3448 comitatus
839 3387 952 3462 amicis,

205 3490 404 3571 Desponsare
425 3492 534 3552 voleus
557 3509 700 3571 sponsam
722 3487 835 3552 Christi
858 3492 1077 3564 venerandam,

204 3593 362 3674 Pluraque
386 3595 424 3656 de
446 3595 543 3676 patris
565 3597 759 3675 comportans
778 3614 907 3656 munera
929 3596 1024 3674 gazis,

207 3698 327 3758 Stultus
349 3699 496 3780 sperauit,
519 3699 600 3778 quod
621 3700 803 3778 perpetrare
825 3699 975 3778 nequivit,

142 3797 189 3862 55.
206 3801 345 3880 ‘Virginis
368 3805 402 3864 ut
424 3802 566 3864 stabilem
587 3801 674 3862 donis
697 3821 893 3882 corrumpere
915 3805 1052 3864 mentem

203 3901 294 3966 Illius
316 3908 348 3967 et
369 3907 452 3987 turpi
473 3907 662 3986 conjungere
682 3907 790 3986 posset
809 3907 913 3967 amori

147 4193 181 4237 33.
198 4193 261 4236 Quae
276 4195 347 4249 laur,
363 4194 391 4239 ὓ.
407 4195 462 4240 rus.
505 4193 538 4238 43.
554 4193 762 4248 Sempronius,
781 4193 804 4238 G.
824 4207 845 4236 u.
864 4192 887 4236 S.
933 4195 967 4238 53.
984 4191 1114 4247 patriis,
1129 4189 1153 4232 (t.

198 4278 218 4306 u.
237 4263 260 4306 S.
287 4265 322 4310 56.
340 4265 533 4319 poniaco.
551 4263 577 4306 S.
765 4279 768 4286 ·
954 4271 960 4280 “
