3010 4978
748 529 990 614 .·.1·35'.·.·.·

338 803 340 805 ,
447 717 563 818 juxta
589 721 665 795 mei
698 722 923 796 facultatem
952 719 1139 817 ingenioli
1169 718 1390 794 celebrare·

455 847 528 912 tur.
580 839 663 912 lloc
691 846 822 913 tamen
857 838 948 911 fucit
973 861 1051 910 non
1077 860 1168 909 raro
1201 859 1392 908 verecun-

458 956 540 1028 dari
567 954 756 1052 gravique
782 956 925 1027 rubore
952 953 1145 1048 perfundi,
1180 951 1294 1048 quod,
1323 951 1391 1020 lru·

450 1068 621 1165 jusmodi
647 1070 778 1166 specie
806 1069 1022 1142 dictationis
1047 1075 1226 1163 cogente,
1259 1065 1393 1137 detes·
1494 1111 1499 1134 ι

457 1186 615 1258 tabilem
653 1187 796 1260 inlicite
832 1183 1041 1258 amantium
1081 1183 1314 1256 dementiam
1354 1186 1393 1250 ιι

456 1300 558 1372 male
597 1302 722 1374 dulcia
754 1302 945 1396 colloquia
978 1322 1139 1392 eorum,
1173 1319 1273 1392 quae
1315 1317 1391 1366 nec

455 1423 590 1488 nostro
614 1403 759 1490 mrtlitni
783 1400 1078 1513 permittuntur,
1101 1409 1392 1485 accommodari

464 1531 641 1604 dictando
667 1542 796 1608 mente
821 1529 985 1604 tractavi
1011 1535 1051 1602 et
1077 1528 1153 1600 stili
1176 1525 1302 1598 officio
1325 1525 1393 1596 de·

456 1645 620 1739 signavi.
648 1647 727 1720 Sed
742 1645 842 1732 (siJ‘J
858 1645 955 1718 haec
972 1643 1239 1718 erubescendo
1256 1641 1394 1736 negle-

460 1781 615 1853 gerem,
653 1786 724 1835 nec
757 1756 957 1858 proposito
994 1761 1284 1849 satisfacerem,
1315 1779 1392 1828 nec

379 1963 382 1970 Ι
461 1875 721 1949 innocentium
747 1879 898 1951 laudem
923 1877 1021 1948 adeo
1041 1877 1157 1970 plene
1177 1871 1293 1967 juxta
1310 1895 1394 1942 me·

455 2012 519 2060 um
546 2015 663 2085 posse
693 2017 947 2090 exponerem,
973 1982 1080 2086 qnia,
1111 1996 1254 2086 quanto
1282 1984 1393 2057 blan·

416 2191 420 2200 ι
456 2103 571 2178 ditiae
588 2110 841 2191 amantium⁵J
861 2097 911 2180 acl
925 2100 1155 2179 illiciendum
1179 2093 1394 2214 promptio-

456 2242 540 2312 res,
587 2230 693 2295 tanto
740 2231 779 2296 ιι
822 2211 983 2318 superni
1029 2217 1214 2314 adjutoris
1257 2204 1388 2312 gloria

386 2395 391 2404 .
464 2329 665 2410 sublimior
691 2345 732 2410 et
755 2326 1070 2433 triumphantium
1107 2333 1267 2405 victoria
1301 2357 1393 2426 pro·

457 2445 572 2526 batur
597 2452 821 2550 gloriosior,
847 2452 1080 2549 praesertim
1104 2473 1188 2520 cum
1215 2446 1393 2520 feminea

451 2557 642 2666 fragilitas
667 2570 843 2644 vinceret
862 2575 901 2640 et
927 2567 1047 2640 virilis
1058 2566 1083 2646 ⁰)
1119 2562 1237 2636 robur
1253 2562 1391 2636 confu-

362 2781 367 2788 .
458 2679 813 2778 sionisubjaceret
865 2683 954 2756 Non
989 2683 1089 2756 enim
1117 2669 1290 2767 dubito,
1297 2676 1391 2747 milri

369 2818 371 2823 ’
459 2800 507 2871 ab
533 2796 724 2894 aliquibus
739 2799 849 2891 obrcr,
865 2799 890 2880 ⁷)
917 2796 1017 2894 quod
1034 2790 1293 2889 lrujusvilitas
1317 2792 1396 2865 dic·

416 2905 618 3017 tationis
643 2914 762 2987 multo
793 2909 973 3004 inferior,
1008 2913 1128 2983 multo
1157 2909 1395 2982 contractior

460 3009 694 3126 penitusque
718 3023 972 3099 dissimilis
938 3053 958 3098 e
957 3051 1035 3121 Jus,
1062 3050 1176 3122 quem
1197 3047 1396 3126 propone·

402 3211 405 3219 .
458 3141 545 3217 bam
571 3143 721 3214 imitari·
755 3131 825 3230 Sit,
848 3136 1054 3250 sententiis
1077 3135 1264 3214 concedo:
1283 3141 1309 3222 i)
1334 3139 1394 3232 ip·

457 3261 512 3338 sis
536 3265 667 3330 tanren
691 3250 893 3348 denuncio,
918 3281 979 3330 me
1002 3259 1041 3358 in
1057 3252 1163 3328 hoc
1145 3279 1235 3361 Jure
1252 3278 1392 3352 repre·

458 3361 578 3450 hendi
597 3393 674 3443 non
699 3392 830 3468 posse,
847 3396 962 3505 (prasi
952 3350 1197 3444 hisvellem
1219 3363 1389 3442 abusive

364 3485 368 3492 ’
398 3474 415 3489 ”
442 3465 678 3582 assimilari,
698 3487 761 3584 qui
782 3488 856 3559 mei
873 3489 1049 3559 inertiam
1069 3487 1185 3583 longe
1204 3508 1392 3584 praeces·

356 3657 536 3666 —--·---—-—-

374 3741 488 3824 JSed
510 3761 549 3815 ιι
572 3738 705 3817 Qus,
728 3740 806 3800 fehlt
827 3739 911 3800 inm
941 3738 981 3820 ⁶J
1004 3739 1224 3810 amentium,
1247 3736 1290 3798 Μ
1305 3759 1334 3799 ιι
1355 3738 1391 3799 Ρ

412 3787 629 3910 “Jvirilm
672 3820 763 3886 8,,ιι
796 3815 860 3906 lig·
905 3825 1089 3936 'JobJ'ici,
1122 3821 1164 3896 0,
1196 3785 1226 3884 S
1259 3843 1288 3882 ιι,
1322 3817 1389 3903 Mg.

441 3911 667 3992 d'nrchgtingig‚
689 3911 839 3972 withrend
862 3913 917 3970 der
940 3847 1106 3971 C'odlstets
1118 3909 1307 3986 obicere,
1331 3931 1391 3970 su-

439 3999 644 4060 bicereet'c
668 3997 730 4058 h'at
760 3993 1154 4159 ffroponebamrmrtarr
1178 3995 1232 4056 ait
1255 4000 1390 4056 seten-

443 4085 539 4159 tius,
562 4081 746 4159 concedo,
858 4086 897 4143 ιιι
920 4085 1011 4142 sent
1017 4086 1083 4143 ιιι
1087 4081 1168 4154 ius,
1190 4079 1241 4142 P.-
1234 4102 1300 4162 ,.p
1323 4082 1392 4142 inri-

441 4171 502 4232 tari
521 4177 664 4232 dorum
678 4171 816 4231 concedo
827 4163 1058 4243 sentenousO
1052 4189 1099 4250 ;.p
1114 4129 1241 4244 imitari,
1252 4168 1390 4228 concedo

443 4253 616 4330 sententiis,
632 4255 666 4318 S:
