3010 4978
535 1231 539 1240 .
605 1121 865 1264 Epistola
897 1121 1178 1261 ejusdem,

422 1329 478 1422 ad
518 1328 738 1451 quosdam
778 1335 1009 1450 sapientes
1047 1327 1182 1450 hujus
1217 1325 1327 1417 libri

729 1457 946 1550 lautores·
968 1465 991 1548 ¹)

504 1643 627 1718 Pleae
653 1645 743 1718 sciis
767 1651 807 1720 et
830 1646 931 1718 bene
960 1646 1121 1717 moratis
1152 1668 1224 1716 nec
1257 1643 1396 1716 alieno

373 1797 377 1809 ·
463 1761 653 1856 profectui
679 1761 959 1851 invidentibus,
983 1761 1070 1852 sed,
1093 1767 1135 1844 ut
1157 1761 1270 1831 decet
1292 1783 1396 1832 vere

459 1876 671 1970 sapientes,
696 1876 1068 1969 congratulantibus,
1083 1875 1300 1965 llrotsvith,
1324 1897 1396 1945 ne·

463 1990 586 2062 sciola
607 1990 791 2084 nullaque
810 1991 1003 2084 probitate
1019 1989 1172 2080 idonea,
1193 2009 1395 2082 praesens

457 2106 592 2178 valere
616 2113 656 2178 et
676 2129 822 2201 perpes
846 2105 1031 2199 gaudere.
1076 2105 1241 2174 Vestrae
1271 2104 1398 2197 igitur

460 2220 676 2293 laudandae
704 2220 929 2291 humilitatis
961 2218 1262 2312 magnitudinem
1294 2219 1397 2290 satis

461 2334 643 2406 admirari
666 2357 832 2428 nequeo,
856 2334 1165 2428 magnificaeque
1189 2333 1293 2403 circa
1317 2333 1397 2403 mei

458 2450 663 2521 utilitatem
677 2451 927 2543 benignitatis
944 2457 1060 2544 atque
1077 2446 1296 2519 dilectionis
1310 2447 1397 2540 ple-

459 2564 671 2636 nitudinem
704 2566 981 2658 condignarum
1020 2562 1396 2657 recompensatione

459 2681 670 2774 gratiarum
696 2679 867 2752 remetiri
890 2702 968 2750 non
991 2678 1155 2770 sufficio,
1179 2678 1282 2770 quia,
1308 2699 1399 2747 cum

457 2794 736 2889 philosophicis
779 2795 952 2889 adprime
988 2793 1125 2864 studiis
1163 2792 1325 2863 enutriti
1360 2798 1401 2863 et

458 2908 623 2979 scientia
655 2908 770 3002 longe
802 2907 1060 2980 excellentius
1094 2907 1179 2976 sitis
1210 2905 1398 2999 perlecti,

362 3095 366 3102 ,
459 3022 542 3093 mei
560 3023 807 3116 opusculum,
840 3023 928 3094 vilis
952 3022 1224 3111 mulierculae,
1255 3028 1401 3092 vestra

462 3136 717 3207 admiratione
733 3138 889 3230 dignum
908 3137 1086 3227 duxistis,
1110 3141 1149 3206 et
1165 3135 1400 3228 largitorem

458 3251 498 3321 in
523 3274 584 3321 me
615 3252 815 3344 operantis
847 3253 998 3346 gratiae
1037 3251 1213 3321 fraterno
1245 3248 1399 3322 affectu

458 3365 702 3460 gratulantes
727 3367 924 3458 laudastis,
949 3367 1198 3454 arbitrantes,
1223 3364 1316 3436 milri
1344 3366 1403 3438 iu·

459 3503 552 3552 esse
580 3480 854 3572 aliquantulam
880 3483 1081 3553 scientiam
1113 3478 1269 3569 artium,
1302 3503 1402 3573 qua-

461 3592 1401 3690 rumsubtilitaslongepraoteritmeimuliebr-ea)

458 3709 670 3804 ingenium.
701 3709 880 3805 lienique
904 3711 1155 3784 rusticitatem
1180 3731 1293 3782 meae
1322 3709 1402 3780 dic·

425 3832 437 3860 ⁰
461 3827 697 3898 tatiuaculae
710 3827 736 3908 ³)
760 3827 948 3898 hactenus
963 3828 1031 3897 vix
1049 3827 1239 3898 audebam
1259 3825 1401 3921 paucis
1502 3897 1503 3916 ,

360 3992 566 4005 --··-—-

407 4059 430 4141 ¹)
454 4062 591 4122 fautores
622 4064 662 4122 et
685 4061 977 4135 emendatores,
1007 4060 1242 4159 priusquam
1263 4061 1402 4159 libros

447 4143 882 4312 taratantara,
900 4147 935 4292 ἐ.)
957 4147 1400 4313 astatadstat
