3010 4978
184 697 307 778 „Quom
330 699 430 766 fateor
452 701 648 786 solempnes
670 701 788 767 cunctis
810 721 880 768 esse
903 701 1073 770 colendum.

123 801 266 884 90.„1110
288 807 412 887 quidem
432 807 503 870 talis
526 828 576 870 me
599 809 800 890 desponsavit
821 809 932 872 amoris

185 910 340 990 „Pignore
363 931 421 972 ceu
444 931 596 994 sponsam,
619 915 705 976 clara
725 913 858 976 dotando
881 933 1002 990 corone,

184 1015 307 1096 „Atque
329 1037 432 1077 meum
454 1018 582 1097 gemmis
604 1017 716 1080 collum
738 1017 836 1080 cinxit
856 1019 1009 1100 pretiosis,

184 1119 341 1196 „Auribus
363 1122 396 1181 et
416 1121 652 1202 resplendentes
675 1122 835 1203 suspendit
856 1121 990 1197 inaures,

184 1224 361 1300 „Praebens
384 1227 511 1286 ornatus
533 1225 612 1287 varii
634 1226 734 1287 cleros
755 1226 830 1288 mihi
852 1225 962 1288 cultus.

122 1324 171 1393 95.
186 1327 308 1410 „Ipsius
330 1331 415 1390 certe
438 1327 567 1390 dulcedo
589 1329 681 1392 fluxit
702 1331 740 1390 ab
763 1349 825 1405 ore,

184 1431 293 1511 „Quae
314 1451 363 1494 ms
384 1433 520 1507 lactavit,
543 1433 625 1494 dulci
645 1435 798 1514 pastuque
821 1435 943 1509 cibavit,

184 1533 269 1619 „Ceu
290 1539 398 1598 nectar
418 1537 527 1613 mellis,
550 1538 655 1599 suavis
676 1538 729 1598 rel
751 1538 838 1619 copia
859 1539 957 1598 lactis.

184 1638 336 1721 ,Insuper
359 1643 390 1702 et
410 1642 578 1703 thalamum
599 1642 736 1708 mihimet
757 1643 931 1704 construxit
952 1641 983 1704 in
1005 1659 1126 1717 aevum,

182 1742 371 1818 „Lucentem
393 1747 521 1824 gemmis
542 1746 637 1806 variis
660 1747 787 1827 aurique
809 1747 952 1822 metallis,

104 1843 169 1908 100.
184 1847 331 1926 „Organa
353 1849 492 1910 melodiis
514 1850 545 1910 in
569 1870 628 1929 qno
650 1851 823 1912 resonando
847 1851 967 1911 canoris

183 1948 333 2027 „Carmen
355 1952 445 2012 dulce
466 1952 540 2014 mihi
563 1957 688 2016 cantant
708 1973 765 2036 per
786 1959 925 2036 tempora
947 1953 1060 2042 saecli;

184 2053 245 2128 „Et
264 2055 390 2136 pariter,
414 2059 519 2138 sponsi
539 2057 648 2118 landes
669 2059 858 2120 modulantia
880 2059 952 2133 ceri,
1030 2043 1033 2050 ¹

182 2157 289 2234 „Illius
311 2159 454 2221 effectum
475 2181 598 2242 semper
620 2163 753 2224 suadent
775 2163 848 2223 mihi
870 2171 998 2236 castum,

182 2261 323 2336 „Affectn
345 2283 435 2344 quem
457 2269 577 2326 secreto
600 2265 717 2346 (quum)
740 2267 840 2328 cordis
863 2267 979 2340 amabo,

104 2360 292 2440 105.„Nulla
314 2368 461 2447 pnellaris
483 2369 583 2448 patior
606 2369 790 2431 detrimenta
812 2369 946 2451 pudoris.

185 2469 271 2544 „Ast
295 2471 346 2531 ubi
368 2471 448 2532 forte
471 2472 520 2532 sui
539 2492 661 2534 merear
683 2475 894 2555 complexibus
916 2473 970 2547 uti,

184 2573 277 2654 „Ejus
302 2577 333 2635 et
354 2575 386 2635 in
407 2576 583 2651 thalamum,
607 2596 789 2658 sponsarum
811 2597 896 2638 more
919 2595 1091 2650 coruscum,

182 2677 287 2754 „Duci,
309 2697 476 2759 permaneo
499 2681 598 2760 virgo,
621 2681 687 2744 sine
710 2681 800 2742 sorde
823 2681 944 2761 pudica.

182 2779 258 2857 „Oui
281 2783 378 2844 debeo
399 2784 492 2844 fldem
514 2785 571 2846 soli
593 2803 721 2846 servare
744 2804 921 2866 perennem,

104 2881 270 2966 110.„1psr
290 2905 339 2948 me
362 2889 425 2949 toto
449 2888 550 2950 cordis
573 2889 731 2950 conamine
755 2889 876 2950 credo.“
917 2926 928 2942 ι

222 2989 289 3065 His,
311 2991 413 3066 miser,
436 2992 559 3066 auditis,
583 2992 708 3073 spiculis
731 2992 891 3072 perfossus
916 2991 1038 3068 amoris,

181 3091 346 3172 Ingemuit,
369 3098 477 3157 crebro
501 3097 617 3156 ducens
641 3096 773 3177 suspiria
794 3096 897 3175 longa,

178 3194 246 3258 Hoc
269 3198 422 3278 quianon
438 3199 558 3275 meruit,
581 3219 673 3260 caeco
697 3199 778 3280 qnod
800 3200 893 3260 corde
915 3200 1035 3280 petivit,

178 3297 219 3361 Et
240 3321 335 3382 super
357 3303 414 3364 hcc
436 3323 578 3364 moerens
600 3303 752 3384 nimioque
773 3296 881 3364 dolore
904 3305 1078 3377 tabescens,

107 3395 170 3462 115.
183 3403 307 3466 Decidit
328 3405 360 3466 in
382 3407 497 3468 lectum
518 3407 717 3469 stultissimus
738 3408 790 3468 ille
813 3407 958 3480 virorum,

185 3505 234 3583 Et,
259 3508 405 3570 simulans
426 3511 506 3572 male
528 3512 719 3590 languorem,
743 3511 856 3574 celavit
877 3529 1020 3586 amorem,

179 3610 240 3681 Qui
263 3611 320 3673 sibi
343 3631 436 3674 causa
458 3615 564 3694 gravis
587 3616 690 3676 fuerat
710 3635 771 3677 non
793 3631 891 3696 parva
914 3617 1036 3677 doloris.

177 3713 243 3776 Nec
265 3735 360 3792 mora,
383 3717 417 3778 fit
438 3721 552 3790 notum,
575 3720 657 3781 fama
679 3720 831 3800 prodente
854 3719 988 3795 sinistra,

175 3816 291 3879 Natum
313 3821 465 3900 praefecti
486 3822 577 3883 nimio
599 3823 750 3902 languore
772 3824 871 3902 ligari.

99 3968 296 3984 ’.ξ-...-

127 4053 165 4094 lon
180 4054 312 4110 Organa,
325 4055 356 4096 M.
375 4069 398 4100 ιι.
418 4057 442 4101 P.
478 4057 520 4102 lot.
542 4058 631 4100 laceto
652 4071 715 4112 qrrern
734 4065 820 4102 secreto
841 4061 914 4102 eordls
928 4061 1013 4114 amabo,
1035 4059 1066 4100 bl.
1086 4059 1122 4100 Ar-

175 4126 245 4178 lectn,
268 4137 332 4178 quern
353 4130 440 4167 secrete
463 4140 545 4180 quum
561 4130 634 4170 rcrdls
650 4131 736 4182 amabo,
755 4131 779 4171 C.
797 4144 819 4172 u.
833 4130 855 4174 S.
890 4130 1012 4182 debebo,
1029 4130 1122 4184 (radiet)

181 4195 220 4248 M,
243 4195 268 4239 C.
284 4195 354 4249 u.S.;
377 4197 401 4240 P.
421 4197 459 4237 hat
477 4199 518 4237 wie
539 4199 570 4239 M.
591 4211 665 4252 urspr.
685 4199 796 4242 delebo·
842 4203 885 4244 nu.
905 4200 989 4240 crebo
1014 4199 1121 4254 dicens,

180 4264 222 4321 Μ.;
236 4265 260 4306 Ρ.
275 4265 367 4308 andern
383 4267 404 4308 lu
420 4267 536 4308 dirceus.
567 4269 609 4311 118.
626 4271 727 4322 solus,
743 4269 782 4323 Μ.;
800 4271 906 4320 nctus,
924 4269 947 4310 Ρ.
