<?xml version="1.0" encoding="UTF-8"?>
<!DOCTYPE html PUBLIC "-//W3C//DTD XHTML 1.0 Transitional//EN"
    "http://www.w3.org/TR/xhtml1/DTD/xhtml1-transitional.dtd">
<html xmlns="http://www.w3.org/1999/xhtml" xml:lang="en" lang="en">
 <head>
  <title>
</title>
<meta http-equiv="Content-Type" content="text/html;charset=utf-8" />
  <meta name='ocr-system' content='tesseract 3.04.00' />
  <meta name='ocr-capabilities' content='ocr_page ocr_carea ocr_par ocr_line ocrx_word'/>
</head>
<body>
  <div class='ocr_page' id='page_1' title='image "./diewerkederhrot00baragoog_0198.png"; bbox 0 0 3016 4982; ppageno 0'>
   <div class='ocr_carea' id='block_1_1' title="bbox 724 523 964 596">
    <p class='ocr_par' dir='ltr' id='par_1_1' title="bbox 724 523 964 596">
     <span class='ocr_line' id='line_1_1' title="bbox 724 523 964 596; baseline -0.004 0"><span class='ocrx_word' id='word_1_1' title='bbox 724 523 964 596; x_wconf 82' lang='lat'>-116-</span> 
     </span>
    </p>
   </div>
   <div class='ocr_carea' id='block_1_2' title="bbox 322 702 1338 2435">
    <p class='ocr_par' dir='ltr' id='par_1_2' title="bbox 413 702 1202 786">
     <span class='ocr_line' id='line_1_2' title="bbox 413 702 1202 786; baseline 0 -20"><span class='ocrx_word' id='word_1_2' title='bbox 413 702 547 767; x_wconf 75' lang='lat' dir='ltr'><strong>Auditus</strong></span> <span class='ocrx_word' id='word_1_3' title='bbox 570 704 682 782; x_wconf 82' lang='lat' dir='ltr'>surdis,</span> <span class='ocrx_word' id='word_1_4' title='bbox 703 705 820 768; x_wconf 88' lang='lat' dir='ltr'>solidus</span> <span class='ocrx_word' id='word_1_5' title='bbox 842 723 1032 786; x_wconf 76' lang='lat' dir='ltr'>gressusque</span> <span class='ocrx_word' id='word_1_6' title='bbox 1054 704 1202 786; x_wconf 76' lang='lat' dir='ltr'><strong>podagris</strong></span> 
     </span>
    </p>

    <p class='ocr_par' dir='ltr' id='par_1_3' title="bbox 415 807 1190 891">
     <span class='ocr_line' id='line_1_3' title="bbox 415 807 1190 891; baseline -0.003 -19"><span class='ocrx_word' id='word_1_7' title='bbox 415 807 510 872; x_wconf 78' lang='lat' dir='ltr'>Teste</span> <span class='ocrx_word' id='word_1_8' title='bbox 532 811 681 891; x_wconf 78' lang='lat' dir='ltr'>precante</span> <span class='ocrx_word' id='word_1_9' title='bbox 703 828 793 872; x_wconf 84' lang='lat' dir='ltr'>sucro</span> <span class='ocrx_word' id='word_1_10' title='bbox 815 809 946 872; x_wconf 87' lang='lat' dir='ltr'>donetur</span> <span class='ocrx_word' id='word_1_11' title='bbox 968 809 1108 872; x_wconf 86' lang='lat' dir='ltr'>crebrius</span> <span class='ocrx_word' id='word_1_12' title='bbox 1128 808 1190 882; x_wconf 91' lang='lat' dir='ltr'>illo,</span> 
     </span>
    </p>

    <p class='ocr_par' dir='ltr' id='par_1_4' title="bbox 325 910 1208 1091">
     <span class='ocr_line' id='line_1_4' title="bbox 418 910 1077 994; baseline -0.003 -20"><span class='ocrx_word' id='word_1_13' title='bbox 418 910 468 988; x_wconf 83' lang='lat' dir='ltr'>Et,</span> <span class='ocrx_word' id='word_1_14' title='bbox 491 914 586 976; x_wconf 77' lang='lat' dir='ltr'>variis</span> <span class='ocrx_word' id='word_1_15' title='bbox 608 912 696 993; x_wconf 76' lang='lat' dir='ltr'>aegri</span> <span class='ocrx_word' id='word_1_16' title='bbox 717 913 831 975; x_wconf 78' lang='lat' dir='ltr'><strong>morbis</strong></span> <span class='ocrx_word' id='word_1_17' title='bbox 852 913 904 994; x_wconf 89' lang='lat' dir='ltr'>qni</span> <span class='ocrx_word' id='word_1_18' title='bbox 927 913 1077 974; x_wconf 86' lang='lat' dir='ltr'>debilitati</span> 
     </span>
     <span class='ocr_line' id='line_1_5' title="bbox 325 1012 1208 1091; baseline -0.003 -12"><span class='ocrx_word' id='word_1_19' title='bbox 325 1012 598 1080; x_wconf 67' lang='lat' dir='ltr'>mendosorum</span> <span class='ocrx_word' id='word_1_20' title='bbox 619 1017 702 1091; x_wconf 79' lang='lat' dir='ltr'>loeti,</span> <span class='ocrx_word' id='word_1_21' title='bbox 724 1017 868 1078; x_wconf 79' lang='lat' dir='ltr'>membris</span> <span class='ocrx_word' id='word_1_22' title='bbox 890 1016 1022 1078; x_wconf 89' lang='lat' dir='ltr'>redeunt</span> <span class='ocrx_word' id='word_1_23' title='bbox 1043 1015 1208 1077; x_wconf 82' lang='lat' dir='ltr'>renovetis.</span> 
     </span>
    </p>

    <p class='ocr_par' dir='ltr' id='par_1_5' title="bbox 412 1119 1234 1201">
     <span class='ocr_line' id='line_1_6' title="bbox 412 1119 1234 1201; baseline -0.002 -19"><span class='ocrx_word' id='word_1_24' title='bbox 412 1119 474 1182; x_wconf 88' lang='lat' dir='ltr'>Hic</span> <span class='ocrx_word' id='word_1_25' title='bbox 498 1139 620 1201; x_wconf 91' lang='lat' dir='ltr'>quoque</span> <span class='ocrx_word' id='word_1_26' title='bbox 642 1140 702 1182; x_wconf 89' lang='lat' dir='ltr'>non</span> <span class='ocrx_word' id='word_1_27' title='bbox 725 1139 796 1182; x_wconf 83' lang='lat' dir='ltr'>raro</span> <span class='ocrx_word' id='word_1_28' title='bbox 818 1121 942 1181; x_wconf 90' lang='lat' dir='ltr'>moestis</span> <span class='ocrx_word' id='word_1_29' title='bbox 964 1119 1112 1180; x_wconf 81' lang='lat' dir='ltr'>solamine</span> <span class='ocrx_word' id='word_1_30' title='bbox 1135 1122 1234 1198; x_wconf 80' lang='lat' dir='ltr'>grata,</span> 
     </span>
    </p>

    <p class='ocr_par' dir='ltr' id='par_1_6' title="bbox 414 1222 1179 1286">
     <span class='ocr_line' id='line_1_7' title="bbox 414 1222 1179 1286; baseline -0.001 -2"><span class='ocrx_word' id='word_1_31' title='bbox 414 1222 456 1285; x_wconf 84' lang='lat' dir='ltr'>Et</span> <span class='ocrx_word' id='word_1_32' title='bbox 476 1243 588 1286; x_wconf 87' lang='lat' dir='ltr'>munus</span> <span class='ocrx_word' id='word_1_33' title='bbox 610 1223 721 1286; x_wconf 77' lang='lat' dir='ltr'>veniae</span> <span class='ocrx_word' id='word_1_34' title='bbox 740 1223 903 1285; x_wconf 78' lang='lat' dir='ltr'>scelerosis</span> <span class='ocrx_word' id='word_1_35' title='bbox 925 1224 1025 1284; x_wconf 87' lang='lat' dir='ltr'>fertur</span> <span class='ocrx_word' id='word_1_36' title='bbox 1047 1225 1085 1284; x_wconf 84' lang='lat' dir='ltr'>sb</span> <span class='ocrx_word' id='word_1_37' title='bbox 1106 1241 1179 1284; x_wconf 83' lang='lat' dir='ltr'>erce</span> 
     </span>
    </p>

    <p class='ocr_par' dir='ltr' id='par_1_7' title="bbox 412 1325 1271 1409">
     <span class='ocr_line' id='line_1_8' title="bbox 412 1325 1271 1409; baseline -0.003 -21"><span class='ocrx_word' id='word_1_38' title='bbox 412 1325 479 1403; x_wconf 85' lang='lat' dir='ltr'>His,</span> <span class='ocrx_word' id='word_1_39' title='bbox 503 1328 556 1408; x_wconf 91' lang='lat' dir='ltr'>qui</span> <span class='ocrx_word' id='word_1_40' title='bbox 577 1345 667 1390; x_wconf 77' lang='lat' dir='ltr'>secra</span> <span class='ocrx_word' id='word_1_41' title='bbox 687 1347 814 1409; x_wconf 88' lang='lat' dir='ltr'>precum</span> <span class='ocrx_word' id='word_1_42' title='bbox 835 1327 1025 1408; x_wconf 88' lang='lat' dir='ltr'>profundunt</span> <span class='ocrx_word' id='word_1_43' title='bbox 1043 1329 1117 1389; x_wconf 81' lang='lat' dir='ltr'>vote</span> <span class='ocrx_word' id='word_1_44' title='bbox 1137 1345 1271 1400; x_wconf 84' lang='lat' dir='ltr'>suerum,</span> 
     </span>
    </p>

    <p class='ocr_par' dir='ltr' id='par_1_8' title="bbox 325 1427 1291 1615">
     <span class='ocr_line' id='line_1_9' title="bbox 415 1427 1291 1512; baseline -0.002 -20"><span class='ocrx_word' id='word_1_45' title='bbox 415 1427 565 1512; x_wconf 78' lang='lat' dir='ltr'>Martyris</span> <span class='ocrx_word' id='word_1_46' title='bbox 588 1431 627 1492; x_wconf 85' lang='lat' dir='ltr'>sd</span> <span class='ocrx_word' id='word_1_47' title='bbox 649 1431 799 1492; x_wconf 85' lang='lat' dir='ltr'>tumulum</span> <span class='ocrx_word' id='word_1_48' title='bbox 820 1431 977 1512; x_wconf 86' lang='lat' dir='ltr'>proprium</span> <span class='ocrx_word' id='word_1_49' title='bbox 999 1430 1140 1492; x_wconf 86' lang='lat' dir='ltr'>deflendo</span> <span class='ocrx_word' id='word_1_50' title='bbox 1162 1431 1291 1493; x_wconf 82' lang='lat' dir='ltr'>reatum.</span> 
     </span>
     <span class='ocr_line' id='line_1_10' title="bbox 325 1530 1086 1615; baseline 0 -19"><span class='ocrx_word' id='word_1_51' title='bbox 325 1530 397 1596; x_wconf 81' lang='lat'><strong>255.</strong></span> <span class='ocrx_word' id='word_1_52' title='bbox 415 1531 511 1615; x_wconf 84' lang='lat' dir='ltr'>Cujus</span> <span class='ocrx_word' id='word_1_53' title='bbox 534 1534 677 1597; x_wconf 88' lang='lat' dir='ltr'>continuo</span> <span class='ocrx_word' id='word_1_54' title='bbox 698 1553 754 1596; x_wconf 87' lang='lat' dir='ltr'>nos</span> <span class='ocrx_word' id='word_1_55' title='bbox 777 1533 957 1595; x_wconf 81' lang='lat' dir='ltr'>intercessio</span> <span class='ocrx_word' id='word_1_56' title='bbox 979 1537 1086 1596; x_wconf 83' lang='lat' dir='ltr'>sanctu</span> 
     </span>
    </p>

    <p class='ocr_par' dir='ltr' id='par_1_9' title="bbox 412 1635 1325 1720">
     <span class='ocr_line' id='line_1_11' title="bbox 412 1635 1325 1720; baseline -0.001 -21"><span class='ocrx_word' id='word_1_57' title='bbox 412 1635 612 1699; x_wconf 77' lang='lat' dir='ltr'>Commendet</span> <span class='ocrx_word' id='word_1_58' title='bbox 635 1635 766 1714; x_wconf 84' lang='lat' dir='ltr'>Christo,</span> <span class='ocrx_word' id='word_1_59' title='bbox 789 1638 942 1699; x_wconf 84' lang='lat' dir='ltr'>scelerum</span> <span class='ocrx_word' id='word_1_60' title='bbox 963 1638 1147 1720; x_wconf 81' lang='lat' dir='ltr'>veniamque</span> <span class='ocrx_word' id='word_1_61' title='bbox 1169 1637 1325 1719; x_wconf 80' lang='lat' dir='ltr'>precando</span> 
     </span>
    </p>

    <p class='ocr_par' dir='ltr' id='par_1_10' title="bbox 412 1740 1169 1822">
     <span class='ocr_line' id='line_1_12' title="bbox 412 1740 1169 1822; baseline -0.001 -19"><span class='ocrx_word' id='word_1_62' title='bbox 412 1741 567 1816; x_wconf 82' lang='lat' dir='ltr'>Obtineut,</span> <span class='ocrx_word' id='word_1_63' title='bbox 589 1741 703 1804; x_wconf 89' lang='lat' dir='ltr'>nostris</span> <span class='ocrx_word' id='word_1_64' title='bbox 725 1743 826 1822; x_wconf 88' lang='lat' dir='ltr'>ipsum</span> <span class='ocrx_word' id='word_1_65' title='bbox 847 1740 896 1822; x_wconf 90' lang='lat' dir='ltr'>pie</span> <span class='ocrx_word' id='word_1_66' title='bbox 918 1760 1049 1822; x_wconf 82' lang='lat' dir='ltr'>parcere</span> <span class='ocrx_word' id='word_1_67' title='bbox 1071 1741 1169 1822; x_wconf 90' lang='lat' dir='ltr'>culpis</span> 
     </span>
    </p>

    <p class='ocr_par' dir='ltr' id='par_1_11' title="bbox 413 1843 1170 1926">
     <span class='ocr_line' id='line_1_13' title="bbox 413 1843 1170 1926; baseline -0.001 -20"><span class='ocrx_word' id='word_1_68' title='bbox 413 1843 456 1906; x_wconf 85' lang='lat' dir='ltr'>Et</span> <span class='ocrx_word' id='word_1_69' title='bbox 476 1847 598 1926; x_wconf 81' lang='lat' dir='ltr'>partem</span> <span class='ocrx_word' id='word_1_70' title='bbox 618 1845 706 1908; x_wconf 91' lang='lat' dir='ltr'>nobis</span> <span class='ocrx_word' id='word_1_71' title='bbox 727 1844 812 1906; x_wconf 81' lang='lat' dir='ltr'>vitae</span> <span class='ocrx_word' id='word_1_72' title='bbox 834 1849 995 1926; x_wconf 83' lang='lat' dir='ltr'>praestare</span> <span class='ocrx_word' id='word_1_73' title='bbox 1016 1845 1170 1926; x_wconf 87' lang='lat' dir='ltr'>perennis,</span> 
     </span>
    </p>

    <p class='ocr_par' dir='ltr' id='par_1_12' title="bbox 322 1947 1228 2134">
     <span class='ocr_line' id='line_1_14' title="bbox 410 1947 1228 2029; baseline 0 -21"><span class='ocrx_word' id='word_1_74' title='bbox 410 1947 478 2019; x_wconf 80' lang='lat' dir='ltr'>Quo</span> <span class='ocrx_word' id='word_1_75' title='bbox 500 1967 674 2010; x_wconf 83' lang='lat' dir='ltr'>mercemur</span> <span class='ocrx_word' id='word_1_76' title='bbox 696 1967 766 2010; x_wconf 91' lang='lat' dir='ltr'>eum</span> <span class='ocrx_word' id='word_1_77' title='bbox 787 1949 861 2008; x_wconf 86' lang='lat' dir='ltr'>leeti</span> <span class='ocrx_word' id='word_1_78' title='bbox 883 1948 1011 2010; x_wconf 82' lang='lat' dir='ltr'>laudare</span> <span class='ocrx_word' id='word_1_79' title='bbox 1032 1967 1090 2029; x_wconf 86' lang='lat' dir='ltr'>per</span> <span class='ocrx_word' id='word_1_80' title='bbox 1108 1967 1228 2024; x_wconf 84' lang='lat' dir='ltr'>sevum,</span> 
     </span>
     <span class='ocr_line' id='line_1_15' title="bbox 322 2047 1226 2134; baseline 0 -22"><span class='ocrx_word' id='word_1_81' title='bbox 322 2047 395 2112; x_wconf 80' lang='lat'>260.</span> <span class='ocrx_word' id='word_1_82' title='bbox 416 2050 479 2122; x_wconf 80' lang='lat' dir='ltr'>Qui</span> <span class='ocrx_word' id='word_1_83' title='bbox 499 2054 569 2134; x_wconf 85' lang='lat' dir='ltr'>post</span> <span class='ocrx_word' id='word_1_84' title='bbox 591 2052 669 2116; x_wconf 82' lang='lat' dir='ltr'>dura</span> <span class='ocrx_word' id='word_1_85' title='bbox 690 2052 755 2112; x_wconf 88' lang='lat' dir='ltr'>suis</span> <span class='ocrx_word' id='word_1_86' title='bbox 777 2072 900 2133; x_wconf 88' lang='lat' dir='ltr'>semper</span> <span class='ocrx_word' id='word_1_87' title='bbox 923 2052 1089 2112; x_wconf 77' lang='lat' dir='ltr'>certamine</span> <span class='ocrx_word' id='word_1_88' title='bbox 1111 2052 1226 2112; x_wconf 87' lang='lat' dir='ltr'>sanctis</span> 
     </span>
    </p>

    <p class='ocr_par' dir='ltr' id='par_1_13' title="bbox 413 2154 1263 2238">
     <span class='ocr_line' id='line_1_16' title="bbox 413 2154 1263 2238; baseline -0.002 -22"><span class='ocrx_word' id='word_1_89' title='bbox 413 2154 605 2238; x_wconf 83' lang='lat' dir='ltr'>Martyribus</span> <span class='ocrx_word' id='word_1_90' title='bbox 629 2155 758 2237; x_wconf 89' lang='lat' dir='ltr'>duplicis</span> <span class='ocrx_word' id='word_1_91' title='bbox 779 2156 920 2217; x_wconf 84' lang='lat' dir='ltr'>brevium</span> <span class='ocrx_word' id='word_1_92' title='bbox 941 2156 1110 2236; x_wconf 78' lang='lat' dir='ltr'>praestabit</span> <span class='ocrx_word' id='word_1_93' title='bbox 1131 2155 1263 2228; x_wconf 86' lang='lat' dir='ltr'>honoris,</span> 
     </span>
    </p>

    <p class='ocr_par' dir='ltr' id='par_1_14' title="bbox 406 2257 1338 2340">
     <span class='ocr_line' id='line_1_17' title="bbox 406 2257 1338 2340; baseline -0.004 -18"><span class='ocrx_word' id='word_1_94' title='bbox 406 2257 458 2334; x_wconf 88' lang='lat' dir='ltr'>Ut,</span> <span class='ocrx_word' id='word_1_95' title='bbox 481 2260 553 2322; x_wconf 87' lang='lat' dir='ltr'>dum</span> <span class='ocrx_word' id='word_1_96' title='bbox 575 2260 772 2339; x_wconf 83' lang='lat' dir='ltr'>congaudent</span> <span class='ocrx_word' id='word_1_97' title='bbox 794 2260 912 2320; x_wconf 84' lang='lat' dir='ltr'>animae</span> <span class='ocrx_word' id='word_1_98' title='bbox 935 2279 1029 2340; x_wconf 84' lang='lat' dir='ltr'>super</span> <span class='ocrx_word' id='word_1_99' title='bbox 1051 2260 1179 2321; x_wconf 82' lang='lat' dir='ltr'>aethera</span> <span class='ocrx_word' id='word_1_100' title='bbox 1201 2260 1338 2333; x_wconf 83' lang='lat' dir='ltr'>sunctae,</span> 
     </span>
    </p>

    <p class='ocr_par' dir='ltr' id='par_1_15' title="bbox 411 2361 1279 2435">
     <span class='ocr_line' id='line_1_18' title="bbox 411 2361 1279 2435; baseline -0.002 -11"><span class='ocrx_word' id='word_1_101' title='bbox 411 2361 481 2425; x_wconf 90' lang='lat' dir='ltr'>Non</span> <span class='ocrx_word' id='word_1_102' title='bbox 501 2363 602 2426; x_wconf 86' lang='lat' dir='ltr'>minus</span> <span class='ocrx_word' id='word_1_103' title='bbox 624 2363 655 2424; x_wconf 89' lang='lat' dir='ltr'>in</span> <span class='ocrx_word' id='word_1_104' title='bbox 677 2364 793 2424; x_wconf 89' lang='lat' dir='ltr'>tumulo</span> <span class='ocrx_word' id='word_1_105' title='bbox 815 2363 971 2425; x_wconf 80' lang='lat' dir='ltr'>laetentur</span> <span class='ocrx_word' id='word_1_106' title='bbox 993 2365 1113 2424; x_wconf 86' lang='lat' dir='ltr'>mortua</span> <span class='ocrx_word' id='word_1_107' title='bbox 1134 2364 1279 2435; x_wconf 80' lang='lat' dir='ltr'>membra,</span> 
     </span>
    </p>
   </div>
   <div class='ocr_carea' id='block_1_3' title="bbox 321 2465 1348 2756">
    <p class='ocr_par' dir='ltr' id='par_1_16' title="bbox 321 2465 1348 2756">
     <span class='ocr_line' id='line_1_19' title="bbox 412 2465 1189 2548; baseline -0.004 -20"><span class='ocrx_word' id='word_1_108' title='bbox 412 2465 579 2548; x_wconf 70' lang='lat' dir='ltr'>signorum</span> <span class='ocrx_word' id='word_1_109' title='bbox 601 2467 697 2528; x_wconf 89' lang='lat' dir='ltr'>titulis</span> <span class='ocrx_word' id='word_1_110' title='bbox 720 2467 828 2528; x_wconf 87' lang='lat' dir='ltr'>crebro</span> <span class='ocrx_word' id='word_1_111' title='bbox 852 2467 1030 2546; x_wconf 77' lang='lat' dir='ltr'>glorificate</span> <span class='ocrx_word' id='word_1_112' title='bbox 1045 2466 1189 2528; x_wconf 87' lang='lat' dir='ltr'>coruscis.</span> 
     </span>
     <span class='ocr_line' id='line_1_20' title="bbox 321 2567 1157 2652; baseline -0.001 -21"><span class='ocrx_word' id='word_1_113' title='bbox 321 2567 394 2632; x_wconf 79' lang='grc'><strong>265.</strong></span> <span class='ocrx_word' id='word_1_114' title='bbox 411 2569 476 2651; x_wconf 90' lang='lat' dir='ltr'>Ipsi</span> <span class='ocrx_word' id='word_1_115' title='bbox 498 2589 615 2632; x_wconf 86' lang='lat' dir='ltr'>summe</span> <span class='ocrx_word' id='word_1_116' title='bbox 637 2571 731 2644; x_wconf 82' lang='lat' dir='ltr'>selus,</span> <span class='ocrx_word' id='word_1_117' title='bbox 755 2589 867 2652; x_wconf 86' lang='lat' dir='ltr'>perpes</span> <span class='ocrx_word' id='word_1_118' title='bbox 889 2570 1026 2645; x_wconf 81' lang='lat' dir='ltr'>victoria,</span> <span class='ocrx_word' id='word_1_119' title='bbox 1048 2570 1157 2645; x_wconf 85' lang='lat' dir='ltr'>virtus,</span> 
     </span>
     <span class='ocr_line' id='line_1_21' title="bbox 405 2672 1348 2756; baseline -0.004 -20"><span class='ocrx_word' id='word_1_120' title='bbox 405 2672 790 2756; x_wconf 82' lang='lat' dir='ltr'>Leus,houor,imperium‚</span> <span class='ocrx_word' id='word_1_121' title='bbox 804 2693 927 2756; x_wconf 84' lang='lat' dir='ltr'>semper</span> <span class='ocrx_word' id='word_1_122' title='bbox 942 2674 1036 2736; x_wconf 89' lang='lat' dir='ltr'>decus</span> <span class='ocrx_word' id='word_1_123' title='bbox 1049 2693 1138 2736; x_wconf 92' lang='lat' dir='ltr'>omne</span> <span class='ocrx_word' id='word_1_124' title='bbox 1152 2691 1210 2753; x_wconf 89' lang='lat' dir='ltr'>per</span> <span class='ocrx_word' id='word_1_125' title='bbox 1224 2675 1348 2733; x_wconf 80' lang='lat' dir='ltr'>aevum!</span> 
     </span>
    </p>
   </div>
   <div class='ocr_carea' id='block_1_4' title="bbox 329 2827 509 2840">
    <p class='ocr_par' dir='ltr' id='par_1_17' title="bbox 329 2827 509 2840">
     <span class='ocr_line' id='line_1_22' title="bbox 329 2827 509 2840; baseline 0 -2"><span class='ocrx_word' id='word_1_126' title='bbox 329 2827 509 2840; x_wconf 57' lang='lat' dir='ltr'>——n—-fl</span> 
     </span>
    </p>
   </div>
   <div class='ocr_carea' id='block_1_5' title="bbox 343 2910 726 2967">
    <p class='ocr_par' dir='ltr' id='par_1_18' title="bbox 343 2910 726 2967">
     <span class='ocr_line' id='line_1_23' title="bbox 343 2910 726 2967; baseline 0.005 -15"><span class='ocrx_word' id='word_1_127' title='bbox 343 2910 646 2967; x_wconf 59' lang='lat' dir='ltr'>conprensionem.</span> <span class='ocrx_word' id='word_1_128' title='bbox 663 2925 683 2956; x_wconf 81' lang='grc' dir='ltr'>ι.</span> <span class='ocrx_word' id='word_1_129' title='bbox 701 2910 726 2958; x_wconf 81' lang='lat' dir='ltr'>P.</span> 
     </span>
    </p>
   </div>
   <div class='ocr_carea' id='block_1_6' title="bbox 0 0 1512 4982">
    <p class='ocr_par' dir='ltr' id='par_1_19' title="bbox 0 0 1512 4982">
     <span class='ocr_line' id='line_1_24' title="bbox 0 0 1512 4982; baseline 0 0"><span class='ocrx_word' id='word_1_130' title='bbox 0 0 1512 4982; x_wconf 95' lang='lat' dir='ltr'> </span> 
     </span>
    </p>
   </div>
  </div>
 </body>
</html>
