3010 4978
505 505 744 584 —161-

468 691 774 756 Constantinus.

96 797 164 859 Ah!
188 797 264 878 quid
285 795 411 858 feoisti?

487 896 743 960 Gallicanus.

97 1003 181 1074 Quid
205 1021 331 1084 possem
352 1001 467 1077 faeere,
489 1001 549 1062 uisi
570 1003 678 1081 fugam
700 1002 851 1084 captare?

469 1101 775 1167 Constantinus.

95 1191 172 1253 Non.

491 1271 740 1338 Gallicanus.

95 1361 166 1424 Etia

468 1444 772 1507 Constantinus.

98 1551 232 1622 Quantis
254 1554 328 1612 tuno
351 1549 503 1630 angustiis
525 1551 694 1628 urgebatur
718 1549 891 1611 constantia
912 1545 959 1611 tui
981 1541 1134 1631 pectoris!

489 1649 739 1714 Gallicanus.
857 1701 859 1706 .
1065 1653 1068 1660 ’

99 1737 259 1802 Maximis.

469 1839 769 1903 Constantinus.

99 1946 139 2008 Et
161 1926 343 2027 quommodo
365 1944 517 2006 evasisti?

489 2044 738 2108 Gallicanus.

99 2151 214 2232 miso)
245 2151 413 2220 familiares
434 2149 523 2224 sooii,
547 2149 726 2210 Johannnes
757 2151 788 2210 et
810 2148 936 2222 Paulus,
967 2154 1134 2212 suaserunt

100 2256 175 2316 mihi
197 2257 306 2316 votum
327 2255 440 2314 iecisse
463 2250 610 2314 Creatori.

471 2353 771 2417 Constantinus.

100 2460 241 2523 Salubre.

495 2541 744 2606 Gallicanus.

98 2648 308 2730 Experiebar:
341 2649 377 2710 ut
405 2667 439 2710 os
472 2647 512 2710 ad
533 2647 710 2710 vovendum
737 2646 860 2728 aperui,
890 2631 1025 2708 eoeleste
1043 2648 1134 2728 J'uva·

97 2771 168 2812 men
191 2752 285 2812 sensi.

469 2851 771 2916 Constantinus.

100 2957 171 3029 Quo
193 2958 309 3040 paeto?

493 3056 742 3122 Gallicanus.

97 3161 252 3245 Apparuit
282 3161 357 3224 mihi
386 3162 511 3243 juvenis
544 3181 693 3243 proeerae
733 3161 971 3242 magnitudinis,
1008 3181 1134 3224 erueem

97 3268 204 3328 ferens
226 3267 258 3327 in
279 3265 427 3342 humeris,
450 3268 482 3327 et
503 3267 672 3347 praecepit,
690 3267 726 3326 ut
748 3265 856 3328 stricto
877 3283 1024 3328 mucrone
1044 3265 1135 3326 sslum

98 3390 256 3452 sequerer.

460 3469 768 3534 Constantinus.

97 3571 247 3657 Quisquis
268 3573 323 3637 ille
347 3579 422 3656 erat,
447 3575 576 3638 coelitus
598 3575 710 3637 missus
732 3577 844 3637 fuerat.

447 3725 450 3732 .
492 3675 740 3740 Gallicanus.

97 3774 316 3864 Comprobavi3
345 3801 404 3851 neo
425 3799 527 3858 mora,
558 3783 726 3844 astiterunt
754 3781 830 3844 mini
851 3800 871 3844 a
892 3782 1007 3844 dextro
1027 3777 1133 3844 laeva&

97 3905 157 3964 que
177 3886 292 3946 milites
313 3885 438 3959 armati,
470 3903 600 3965 quorum
627 3886 750 3948 mltum
770 3885 894 3947 minime
916 3885 1041 3967 agnovi,
1063 3875 1143 3967 pro?

96 3988 253 4050 mittentes
275 3988 425 4050 auxilium
447 3967 503 4050 siri.

121 4223 160 4282 fl)
176 4221 232 4267 Mei
247 4221 378 4281 tantuma
395 4222 419 4268 0.
432 4235 456 4268 u.
472 4221 497 4272 9.
