3022 4982
516 1457 695 1578 Postquam
716 1495 773 1559 lux
795 1495 875 1573 fidei,
899 1518 1042 1561 oresoens
1063 1516 1120 1578 per
1143 1494 1265 1557 elimata
1287 1491 1400 1568 mundi,

471 1602 605 1666 Siciliam
625 1601 763 1662 tenebris
786 1621 925 1664 errorum
947 1602 1040 1664 solvit
1061 1603 1099 1662 ab
1123 1601 1206 1676 atris,

469 1707 526 1769 Vir
549 1707 623 1770 setis
645 1709 774 1794 illustris
795 1707 932 1774 numam
952 1706 1092 1793 partrhus
1115 1705 1183 1780 illis,

468 1809 635 1874 Nobilitate
656 1815 775 1896 potens,
796 1804 899 1872 meriti
918 1811 1085 1893 splendore
1108 1808 1286 1888 refulgens3

425 1911 454 1976 5.
469 1913 571 2004 Hiooe.
589 1916 777 2001 Theophilus
800 1916 903 1980 suerat
925 1915 964 1976 de
986 1914 1108 1976 nomine
1129 1913 1239 1986 dietus,

468 2017 543 2080 Puri
563 2019 687 2085 saerata
710 2021 823 2082 tinctus
846 2017 1037 2101 baptismatis
1058 2019 1150 2079 unda.

469 2121 571 2194 Quem
594 2124 710 2186 devota
732 2129 855 2206 patrum
877 2123 988 2186 divinis
1011 2141 1085 2191 eura
1106 2141 1230 2182 suorum

447 2225 633 2309 'Obsequiis
655 2207 1039 2312 igitur'primiss'ignavir
1059 2229 1096 2288 ab
1120 2226 1208 2287 annis

464 2331 577 2412 Atque,
602 2333 649 2393 sui
672 2332 793 2393 dulcem
815 2331 865 2414 pie
888 2331 1080 2394 sollicitando
1103 2333 1256 2413 nepotem,

402 2431 450 2496 10.
466 2431 593 2496 Cuidam
614 2436 750 2518 pontifici
771 2436 902 2497 eredidit
923 2434 1048 2497 nimium
1071 2435 1212 2516 sapienti,

467 2536 535 2608 Quo
557 2540 690 2600 nutriret
712 2559 783 2600 eum
804 2540 905 2601 studio
926 2539 1057 2602 florente
1080 2538 1258 2613 docendum,

470 2641 572 2723 Ipsius
594 2643 751 2722 ingenium
774 2645 946 2726 mentisque
969 2645 1088 2724 rigaret
1110 2643 1246 2722 agellum

464 2745 512 2806 De
535 2745 668 2828 Sophiae
691 2747 775 2822 rivis,
798 2751 927 2831 septeno
950 2750 1035 2812 sonte
1058 2747 1218 2808 manantis.

510 2847 647 2931 Cumque
670 2851 719 2932 pio
742 2852 816 2913 satis
840 2853 984 2914 exhausti
1005 2872 1103 2934 puero
1125 2852 1229 2913 forent
1245 2849 1317 2932 ipsi,

400 2950 448 3016 15.
463 2953 563 3034 Digne
587 2953 748 3016 ooniestim
770 2961 936 3036 provectus
958 2958 1083 3032 honore,
1105 2954 1259 3036 gradatim

463 3057 671 3119 Perveniebat
692 3059 730 3120 ad
753 3061 893 3135 officium,
915 3062 1036 3125 sibimet
1057 3062 1131 3122 satis
1154 3061 1268 3141 aptum,

466 3160 558 3232 Quod
579 3162 687 3242 lingua
708 3164 797 3243 vulgi
818 3166 929 3228 seimus
951 3165 1131 3228 vicedomno
1153 3161 1290 3224 vocitari.

463 3266 533 3328 Hae
555 3267 651 3347 igitur
672 3270 751 3330 tanti
771 3290 881 3352 pompa
904 3271 1077 3354 splendoris
1097 3272 1219 3352 adepta,

468 3369 610 3433 Pontifici
632 3393 666 3433 se
689 3375 860 3455 subjeetum
883 3375 1026 3457 oleroque
1047 3375 1218 3437 modestum

397 3473 448 3539 20.
461 3475 608 3539 Praebuit
630 3480 722 3558 atque
747 3479 830 3559 pium
852 3481 965 3560 populo
994 3480 1173 3560 ounotisque
1195 3477 1363 3556 benignum

469 3577 696 3661 commissoque
719 3582 810 3661 gregi
832 3583 933 3645 studio
955 3577 1099 3668 praeerat
1120 3581 1271 3663 vigilanti,

463 3683 599 3746 Maxime
622 3684 677 3744 sed
701 3682 814 3748 Christi
835 3687 966 3749 minimis
987 3688 1169 3768 miserisque
1188 3684 1312 3768 pupillis

469 3787 517 3850 Ao
539 3789 632 3850 uastis
654 3788 756 3850 viduis
777 3810 896 3852 necnon
919 3794 1037 3854 ounotis
1058 3789 1233 3874 peregrinis

461 3891 575 3953 Vestes
598 3894 629 3953 et
651 3893 767 3956 vietum
790 3894 902 3956 dextra
923 3897 1029 3960 tribuit
1049 3899 1128 3958 bene
1150 3896 1248 3974 larga,

404 4127 434 4177 u.
451 4131 583 4184 ernusti,
604 4127 648 4188 u.;
672 4132 754 4175 eloneo
770 4146 831 4189 orep.
847 4133 884 4192 P.;
915 4133 1005 4190 taret,
1025 4133 1153 4191 hl.‚l‘.‚c.
1177 4133 1240 4192 ms,
1275 4133 1404 4180 therinus

448 4201 558 4316 deletu·
576 4201 832 4256 sicodor-nima.
851 4203 875 4246 8.
901 4207 934 4250 al.
953 4203 1404 4262 cennius-1:⁸⁸¹,tt;r.omra
1493 4205 1494 4216 ¹

468 4274 577 4316 erreetnr.
