3048 4980
771 541 1012 612 -292-

767 721 830 786 ss
865 722 1003 785 lentie.

379 820 561 890 confortare
567 873 577 905 ,
597 825 662 890 iilia
669 873 677 904 ,
700 743 866 910 percussdi
886 828 1007 888 invadit
1028 845 1084 888 nos
1106 827 1272 908 evaginato
1294 825 1406 908 gladie.

843 931 953 1014 Spes
1521 995 1522 998 Ἴ

377 1031 491 1099 Libens
514 1035 634 1118 excipio
657 1036 802 1117 gladium.
846 1036 910 1110 Tu,
940 1033 1075 1110 Christe,
1104 1035 1226 1117 suscipe
1256 1033 1406 1116 spiritum,

379 1157 436 1221 pro
457 1140 504 1202 tui
526 1140 718 1204 confessione
740 1140 871 1202 nominis
884 1141 1017 1222 ejectum
1028 1141 1066 1200 de
1077 1139 1252 1202 habitaculo
1265 1139 1409 1220 corporis.

765 1243 1007 1326 'Sapientia

380 1347 407 1412 0
431 1345 561 1426 Caritas,
583 1349 705 1411 soboles
726 1349 757 1410 in
776 1350 851 1432 lyta,
874 1369 946 1430 spes
967 1345 1132 1410 uterimei
1153 1345 1253 1422 unica,
1275 1364 1318 1406 ne
1341 1365 1411 1406 con·

380 1453 486 1515 tristes
515 1455 647 1514 matrem
675 1453 801 1528 bonam,
835 1453 880 1514 tui
913 1451 1088 1514 certaminis
1122 1451 1415 1512 consummationem

382 1560 607 1640 expectantem,
637 1558 694 1617 sed
723 1577 837 1638 sperne
863 1575 1013 1639 praesens
1042 1556 1134 1631 utile,
1165 1573 1224 1634 quo
1247 1553 1415 1634 pervenias

382 1662 422 1723 ad
444 1661 591 1742 gaudium
611 1661 846 1737 interminabile,
876 1681 935 1742 quo
962 1659 1008 1722 tui
1029 1676 1197 1741 germanae
1219 1655 1346 1736 fulgent
1368 1675 1416 1717 cc·

381 1767 466 1830 ronis
487 1767 623 1828 illibatae
645 1765 841 1848 uirginitatis.

818 1867 985 1932 Caritas.

382 1976 473 2040 Fulci
493 1997 552 2051 mc,
572 1978 681 2051 mater,
703 1973 847 2056 precibus
870 1972 975 2047 sacris,
1005 1969 1150 2051 quatinus
1171 1986 1295 2028 merear
1317 1967 1414 2029 inter·

385 2077 454 2144 'esse
476 2082 601 2144 illarum
611 2079 653 2162 ⁴⁹)
675 2079 805 2162 gaudiis.
912 2113 915 2118 ·

789 2179 1009 2263 Sapientia.

383 2290 489 2354 onrc
511 2293 543 2352 tc
565 2289 729 2365 finetenus,
748 2287 780 2349 in
802 2286 863 2348 fide
886 2285 1050 2347 solidatum
1071 2281 1118 2357 iri,
1141 2299 1201 2342 neo
1224 2278 1339 2354 dubito,
1362 2277 1419 2340 tibi

384 2415 524 2479 perenne
545 2393 715 2476 tripudium
738 2392 885 2454 donatum
905 2388 951 2449 iri.

779 2493 1025 2556 Hadrianus.

387 2599 517 2680 Caritas,
545 2603 702 2665 saturatus
732 2597 877 2663 conviciis
904 2594 951 2656 tui
971 2611 1112 2656 sororum
1132 2588 1319 2671 nimiumque
1342 2607 1419 2650 exa·

388 2710 532 2772 cerbatus
554 2726 623 2770 sum
641 2704 763 2789 prolixa
784 2702 903 2765 ratione
915 2699 955 2781 Μ)
978 2715 1099 2774 earum;
1127 2695 1209 2756 unde
1239 2692 1292 2756 diu
1313 2697 1420 2754 tecum

385 2831 448 2874 non
471 2811 639 2886 contendo,
668 2809 725 2870 sed
753 2807 807 2869 vel
835 2804 1099 2884 obtemperantem
1127 2797 1189 2860 mei
1210 2799 1291 2860 votis
1314 2797 1422 2860 ditabo

388 2915 528 2979 omnibus
548 2914 646 2990 bonis,
668 2913 721 2975 vel
743 2909 1020 2973 contraluctantem
1041 2905 1175 2966 afficiam
1195 2902 1293 2964 malis.

818 3011 989 3075 Caritas.

386 3121 508 3187 Bonum
530 3121 714 3185 cordetenus
736 3118 906 3200 amplector
928 3117 960 3176 et
980 3111 1094 3176 malum
1122 3109 1242 3174 omnino
1273 3107 1423 3170 detestor.

394 3296 395 3299 ,
772 3220 1012 3285 Hadrianus.

387 3329 456 3394 Hec
477 3330 532 3394 tibi
553 3330 746 3414 potissimum
767 3327 891 3388 salubre
914 3322 1049 3402 mihique
1080 3319 1129 3380 est
1149 3315 1312 3400 placabile,
1337 3315 1424 3378 idco·
1521 3379 1522 3404 ,

389 3457 448 3520 que
470 3437 542 3498 lere
565 3435 711 3516 quiddam
730 3432 787 3494 tibi
808 3447 965 3512 praepono
987 3443 1076 3488 meae
1096 3421 1221 3507 pietatis
1244 3420 1357 3502 gratia.

822 3531 994 3597 Caritas.

382 3626 496 3700 auida

781 3705 1024 3770 Hadrianus.
1055 3723 1057 3726 ·

387 3817 446 3881 Dic
467 3818 603 3880 tantum:
625 3813 772 3895 Magna
792 3813 930 3874 Diana!
954 3815 986 3871 et
1008 3825 1067 3888 ego
1087 3804 1171 3867 ultra
1193 3801 1424 3865 adsacrifican·

378 3923 463 3986 'dum
483 3923 516 3984 te
537 3939 601 3984 non
620 3917 778 4002 compello.
1275 3899 1277 3904 ’

822 4017 994 4082 Caritas.
1015 4061 1017 4066 ·

388 4110 537 4177 Per-certe
558 4130 621 4172 nou
643 4109 718 4172 dico.

415 4296 454 4354 te)
469 4297 589 4342 alierum
610 4296 705 4352 gaudiis,
725 4295 750 4338 c.
772 4307 795 4341 u.
816 4295 841 4339 S.
866 4293 905 4351 5⁰)
925 4289 1013 4348 prolixa
1033 4287 1186 4341 orationes
1199 4281 1223 4330 ὓ.
