3048 4980
504 520 741 598 -319-

187 702 319 774 Aversox
332 705 437 785 quidni
458 707 600 768 residens
621 708 653 768 in
678 708 768 771 litore
791 709 882 785 Rani,

188 807 254 869 Neo
277 811 350 870 tuno
373 810 481 870 auxilii
503 810 594 872 scivit
615 813 762 873 solamina
785 814 863 874 tanti

192 911 270 987 Jam,
292 915 459 974 miserante
481 915 556 988 Deo,
580 915 679 976 subito
703 933 776 976 oasu
799 917 857 978 sibi
875 916 977 977 missa.

108 1010 174 1075 365.
187 1015 328 1097 Denique
352 1019 424 1079 dum
445 1037 570 1100 pugnae
593 1019 690 1080 sensit
712 1019 887 1080 discrimina
909 1022 1024 1095 tantae,

186 1117 272 1181 Haut
293 1121 434 1200 gaudens
456 1122 648 1182 inimieorum
670 1123 708 1182 de
729 1126 828 1184 morte
857 1122 991 1199 suorum,

188 1220 250 1282 sed
272 1225 342 1305 plus
365 1226 519 1286 tantorum
541 1244 683 1286 moerens
706 1225 744 1285 de
767 1226 862 1286 oaade
884 1227 1029 1302 virorum,

188 1323 326 1408 Sumpsit
347 1347 408 1389 non
430 1329 591 1402 modicum,
613 1328 741 1390 Davidis
762 1348 857 1405 more,
879 1330 1058 1406 lamentum,

188 1427 249 1499 Qui
272 1451 367 1512 super
390 1432 525 1493 oooisum
547 1432 644 1493 doluit
666 1451 774 1511 regem
795 1432 845 1513 pia
869 1430 1005 1494 Saulum.

108 1595 245 1662 370.Αεὺ
266 1603 320 1664 ubi
341 1603 476 1665 victores
498 1605 573 1666 laeti
593 1625 720 1680 venere,
743 1604 886 1666 videntes

183 1704 273 1767 Illius
296 1707 374 1768 fusis
397 1707 517 1769 vultum
538 1707 672 1768 lacrimis
694 1708 909 1784 madefactum,

183 1807 270 1872 Haut
293 1813 398 1892 aptum
419 1812 503 1872 tanto
526 1813 644 1873 luotum
665 1812 773 1872 dixere
794 1811 958 1894 triumpho,

185 1910 247 1973 Sed
269 1915 359 1974 reddi
380 1916 487 1994 grates
509 1915 578 1993 regi
600 1914 714 1975 debere
740 1915 880 1994 perenni,
994 1969 996 1973 .

187 2015 248 2086 Qui
271 2019 346 2078 tuno
367 2017 489 2098 impleri
511 2018 584 2078 feeit
606 2017 720 2098 pietate
743 2003 851 2094 fideli,

107 2111 275 2188 manuos
296 2122 383 2202 patet
404 2121 436 2180 in
456 2121 533 2182 libro
556 2121 641 2199 regis
664 2120 812 2202 seriptum
835 2119 1014 2198 Salomonis,

186 2222 335 2299 Dicentis,
354 2225 473 2304 justum
495 2225 533 2286 de
556 2223 680 2286 tristitia
698 2224 892 2286 liberandum

186 2325 317 2387 Necnon
339 2327 485 2408 injustum
506 2348 562 2410 pro
581 2329 665 2408 justo
687 2347 760 2388 mox
782 2327 849 2389 fore
872 2328 1015 2390 dandum.

186 2427 244 2490 His
268 2435 404 2492 mentem
425 2431 510 2510 regis
534 2431 735 2492 demulcendo
758 2431 902 2506 suadelis,

188 2531 297 2613 Ipsum
319 2532 475 2595 tristitiam
497 2536 612 2614 cogunt
635 2535 789 2616 deponere
811 2535 936 2611 tantam,

111 2625 175 2693 380.
188 2633 229 2696 Et
251 2639 332 2698 bene
354 2637 474 2714 viotrioi
496 2637 744 2716 congaudentem
768 2638 884 2717 legioni

187 2736 227 2799 Se
249 2742 322 2821 post
342 2741 424 2802 bella
447 2740 511 2802 suis
533 2741 680 2802 blandum
701 2743 852 2823 praebere
874 2741 1030 2804 ministris.

187 2841 248 2911 Qui
272 2831 343 2904 nam
363 2844 512 2905 laetitiam
533 2845 623 2906 vultu
644 2848 819 2906 monstrans
841 2846 1039 2922 moderatam,

185 2943 248 3007 Sed
272 2948 351 3008 olam
372 2947 551 3008 subtristem
576 2967 705 3009 servans
727 2949 759 3010 in
781 2949 874 3012 oorde
898 2949 1043 3028 dolorem,

183 3047 348 3111 Reddebat
370 3052 476 3130 grates
497 3051 557 3112 imo
580 3051 619 3112 de
641 3055 767 3133 peotore
789 3049 921 3129 Christo,

105 3141 170 3210 385.
182 3151 253 3215 Non
276 3153 408 3216 dederat
428 3155 560 3236 propriis
581 3157 682 3236 ipsum
704 3156 775 3236 quia
795 3157 871 3217 tuno
896 3156 1025 3218 inimicis
1127 3201 1132 3208 .

182 3253 343 3332 Praedam,
367 3257 423 3318 sed
445 3258 557 3320 dextra
578 3259 714 3339 protegit
735 3259 794 3319 rite
816 3277 960 3339 superna.

181 3356 286 3440 Ipsius
308 3361 432 3422 titulum
449 3361 529 3422 tanti
551 3361 728 3442 alarumque
750 3361 897 3443 triumphi

184 3457 255 3525 Non
279 3463 345 3541 sibi,
368 3465 425 3526 sed
448 3463 561 3526 Christi
582 3464 759 3546 designavit
779 3464 896 3547 pietati.
1005 3475 1012 3487 ‘

182 3628 241 3696 His
262 3636 305 3722 ita
328 3637 465 3716 digestis,
487 3638 639 3699 modicum
661 3640 782 3718 tempus
806 3635 961 3716 requievit

103 3723 169 3794 390,
185 3734 290 3800 Civilis
312 3739 386 3801 belli
406 3741 539 3823 populus
560 3740 726 3802 laetamine
748 3741 859 3829 lassus.

103 3847 277 3868 κ.-

126 3897 169 3942 ³67.
184 3903 210 3946 de
225 3907 323 3960 corde,
340 3907 401 3962 mag
426 3907 511 3950 sowohl
527 3907 558 3952 M.
578 3907 612 3950 als
632 3908 688 3950 auclr
705 3908 730 3949 Ρ.
750 3907 796 3950 und
814 3907 858 3950 alle
873 3907 993 3964 Aurgnben
1013 3909 1128 3952 habende

185 3975 279 4018 caede.
308 3977 354 4021 358.
370 3977 400 4018 M.
415 3977 475 4019 hatte
496 3990 570 4030 urspr.
586 3991 677 4032 mere,
692 3979 732 4020 da·
753 3990 804 4019 vom
816 3978 935 4021 Gorrertor
950 3983 1004 4020 stall
1017 3981 1039 4019 in
1054 3992 1128 4021 more

181 4041 203 4082 ln
226 4054 334 4086 merore
355 4047 463 4100 gedudert
482 4049 573 4101 wurds3
594 4047 697 4088 darrelbe
717 4048 747 4088 ist
766 4049 789 4089 ln
807 4049 833 4092 P.
854 4047 893 4090 der
907 4048 963 4089 nau.
991 4049 1040 4094 369.
1055 4048 1127 4091 sulum

181 4113 349 4169 utartsmlum,
368 4117 393 4160 P.
421 4117 467 4161 371.
484 4117 682 4170 malefactum,
697 4117 722 4159 P.
750 4116 795 4160 all.
810 4117 944 4171 implere,
966 4129 1039 4170 urspr.
1058 4119 1081 4158 ln
1096 4118 1127 4162 M.

180 4183 223 4224 und
237 4184 294 4226 nort
316 4185 338 4225 iu
355 4185 379 4228 P.
407 4184 627 4241 475.Prov.,11,s.
655 4187 847 4240 araturam,
869 4187 907 4241 P.;
933 4187 1075 4243 protexit,
1093 4187 1126 4241 0.,

180 4245 206 4294 R.
221 4264 244 4297 u.
258 4253 281 4298 S.
310 4254 357 4300 388.
374 4256 494 4312 pretate,
508 4257 539 4298 M.
547 4270 570 4302 n.
584 4257 631 4302 Pu.
646 4255 831 4310 (Schrelbfrlrler.
845 4255 929 4310 λείη.)
