3038 4986
499 503 737 572 -ataq

504 680 730 763 Sapientia

108 787 209 880 Omnis
231 805 369 876 namque.
383 803 532 856 numerus
561 786 729 850 inminutus
752 787 882 864 dicittm,
911 791 999 872 cnjus
1027 795 1136 873 partes

111 895 288 974 conjunctus
306 892 456 954 minorem
477 890 530 952 ille
551 908 689 966 numere,
711 894 800 973 cujus
822 896 929 974 partes
951 898 1135 971 curteum-

108 1015 172 1058 nae
191 995 397 1078 quantitatem
417 993 567 1070 reddunt,
596 997 633 1056 ut
654 997 731 1058 ecte.
774 994 833 1059 Est
861 998 965 1060 autem
985 1000 1136 1065 octonarii

108 1101 253 1169 medietas
264 1102 403 1180 quatuor,
425 1116 499 1179 pars
510 1099 621 1178 quarta
644 1098 713 1173 duo,
727 1117 800 1180 pars
814 1101 923 1162 cetera
935 1121 1038 1176 unum,
1055 1123 1136 1184 quae

109 1205 261 1274 inunum
290 1203 438 1270 redactae
466 1204 587 1282 septem
619 1202 762 1265 reddunt.
805 1201 954 1268 Similiter
987 1206 1134 1270 denarius

108 1309 195 1372 habet
215 1307 373 1374 dimidiam
394 1306 517 1387 partem
538 1305 683 1386 quinque,
705 1305 843 1386 quintam
865 1310 970 1370 antem
991 1311 1062 1386 duc,
1081 1312 1135 1374 de·

108 1413 211 1476 cimam
232 1432 318 1474 vare·
331 1429 441 1484 mum,
475 1426 555 1488 quae
588 1409 678 1470 simul
699 1411 861 1490 copulatae
884 1414 952 1478 octe
975 1414 1134 1494 colligunt.

106 1515 131 1580 E
152 1516 304 1583 centrario
320 1517 424 1576 autem
436 1509 613 1594 superfluus
629 1512 752 1587 dieitur,
767 1515 855 1594 cujus
873 1523 978 1596 partes
991 1519 1137 1597 augenda

107 1623 256 1695 crescunt,
279 1622 314 1681 ut
336 1617 512 1694 duedecim,
535 1619 584 1678 eet
599 1615 680 1678 enim
696 1615 876 1678 duodenarii
894 1618 1043 1690 medietas
1067 1640 1135 1697 sex,

106 1743 175 1806 pars
207 1724 301 1786 tertia
334 1723 481 1804 quatuor,
510 1737 584 1800 pars
613 1723 725 1800 quarta
755 1721 823 1796 tria,
852 1739 926 1802 pars
949 1726 1040 1784 sexta
1063 1724 1133 1802 duc,

108 1847 186 1909 para
199 1827 380 1894 duodecima
402 1845 512 1901 unnm3
535 1823 584 1886 lde
600 1825 740 1886 cumulus
762 1825 917 1888 redundat
937 1825 969 1888 in
992 1827 1135 1893 sedecim

105 1930 144 1994 Ut
164 1935 269 1992 autem
290 1929 490 2012 principalem
517 1947 579 1988 nen
601 1935 810 2008 praeteream,
841 1929 894 2009 qui
922 1929 1003 1992 inter
1024 1930 1133 1994 intem·
1242 1975 1245 1983 -

106 2035 260 2116 perantiae
289 2033 383 2094 medii
410 2033 688 2112 temperamentum
717 2031 821 2096 limitis
849 2033 975 2094 sortitus
1002 2034 1134 2108 catilla

105 2158 249 2206 numerus
270 2138 430 2220 perfectus
453 2136 580 2210 dieitur,
611 2135 677 2215 qui,
707 2135 771 2198 suis
791 2155 910 2216 aequus
924 2135 962 2215 ¹⁹)
984 2137 1138 2216 partibus,

106 2261 160 2304 nec
182 2245 294 2322 auget,
316 2261 375 2305 nec
396 2240 513 2314 minuit,
536 2240 572 2300 ut
592 2258 660 2312 sex,
683 2240 770 2320 cujus
792 2242 908 2320 partes,
929 2239 962 2300 id
985 2241 1042 2315 est,
1065 2239 1135 2316 tria,

105 2346 173 2419 due,
190 2365 296 2420 unum,
327 2345 460 2409 eundem
489 2341 646 2404 senarium
672 2342 848 2404 restituunt.
870 2393 873 2398 l
892 2341 990 2404 Simili
1012 2361 1138 2424 quoque

103 2449 219 2512 ratiene
244 2447 355 2527 viginti
376 2449 454 2519 ecte,
478 2445 706 2526 quadringenta
718 2445 759 2527 ²⁰)
779 2445 951 2526 nonaginta
970 2466 1037 2522 sex,
1062 2449 1140 2510 octe

106 2553 184 2613 milia
206 2555 333 2616 eentum
352 2551 466 2630 viginti
489 2551 556 2612 ceto
578 2550 710 2631 perfecti
730 2549 884 2614 dicuntur.

493 2651 731 2716 Hadrianus.

105 2742 144 2804 Et
165 2743 239 2825 quid
260 2741 395 2821 reliqui?

502 2825 725 2908 Sapientia,

105 2933 214 3024 Omnep
239 2933 396 3015 superflui,
419 2951 485 2992 eive
507 2929 658 2992 inminuti.
734 2999 736 3008 Ι

240 3115 243 3126 Ι
290 3110 292 3116 7
433 3027 436 3032 ’
492 3033 736 3096 Hadrianus.

105 3140 187 3218 Quis,
200 3127 359 3224 numerus,
370 3139 488 3224 pariter
510 3141 594 3220 par?

503 3231 724 3323 Sapientia.

105 3349 164 3420 eui
185 3349 291 3432 potest
309 3347 341 3408 in
363 3347 423 3408 suo
453 3346 593 3425 aequalia
616 3345 720 3420 ervia,
750 3346 880 3426 apsque
906 3363 979 3426 pars
1009 3344 1040 3405 sn
1071 3327 1131 3405 eus

103 3453 251 3534 aequalia,
267 3450 427 3532 partisque
448 3468 522 3532 pars
543 3469 575 3510 m
598 3449 658 3512 duc
681 3449 831 3530 aequalia,
851 3467 888 3508 ac
911 3448 1057 3530 deinceps
1074 3467 1132 3529 per

107 3557 252 3631 ordinem,
265 3550 363 3615 donec
374 3553 406 3614 in
416 3553 458 3634 ²¹)
469 3553 668 3616 insecabilem
679 3551 816 3614 incurrat
829 3552 987 3628 unitatem,
1009 3555 1045 3613 ut
1054 3553 1133 3632 ¹acte

104 3664 134 3722 et
154 3659 290 3722 sedecim
310 3677 487 3737 omnesque,
509 3657 562 3738 qui
583 3659 621 3717 ab
643 3656 691 3717 his
712 3657 745 3722 in
767 3657 860 3738 duplo
883 3657 968 3718 fiunt.
1140 3639 1142 3646 ¹

400 3813 403 3820 ·
494 3776 737 3840 Hadrianus.

103 3882 143 3945 Et
165 3885 233 3965 quis
256 3887 305 3946 eet
325 3881 442 3964 pariter
463 3881 585 3964 impar?

103 4059 283 4073 ..U-...q-

129 4159 164 4211 ις)
179 4133 292 4218 usqisti,
309 4157 333 4202 c.
347 4169 370 4200 u.
385 4131 421 4208 s13
437 4159 568 4208 augetur,
590 4155 744 4209 minuitur,
763 4156 795 4209 a,
810 4153 834 4202 a.
851 4168 875 4199 n.
889 4154 935 4209 ug.
962 4154 1001 4204 ac)
1016 4154 1130 4208 quaeu-

180 4229 272 4283 glnta‚
291 4228 315 4272 C.
330 4241 351 4268 u.
366 4225 391 4272 S.
416 4227 455 4282 at)
468 4227 540 4270 denec
559 4225 670 4280 tn‚lel11t
685 4227 707 4268 iu
722 4228 782 4272 (λιι.
799 4223 822 4268 S.
