3010 4978
467 1461 561 1564 Dum
582 1501 681 1566 sector
703 1520 849 1576 summae,
871 1501 990 1564 mediae
1013 1497 1140 1563 rationis
1163 1499 1195 1559 et
1216 1496 1295 1560 imae

467 1606 506 1668 In
529 1626 620 1668 cruce
643 1608 827 1688 supplicium
848 1607 954 1668 mortis
977 1607 1137 1686 pateretur
1159 1621 1306 1675 amarum,

467 1709 581 1774 Orbem
603 1714 773 1772 nocturnae
797 1711 1033 1772 circumduxere
1056 1709 1213 1782 tenebrae,

468 1814 510 1880 Et
532 1816 586 1890 sol,
610 1815 750 1895 deposito
772 1814 849 1882 radii
873 1813 1037 1896 splendore
1060 1810 1172 1886 sereni,
1317 1883 1325 1892 υ

426 1913 455 1980 5.
471 1917 630 1998 Exequias
652 1917 774 1982 Domini
796 1919 933 1982 celebrat
953 1913 1149 1982 famulamine
1172 1913 1263 1976 tristi.

469 2020 547 2097 Quo,
570 2040 642 2106 mox
662 2023 849 2104 astrologus,
871 2024 947 2096 viso,
970 2021 1136 2104 Dionysius
1159 2019 1267 2091 almus,

470 2124 532 2196 Qui
554 2129 628 2188 tunc
649 2125 861 2210 Memphitidis
881 2131 981 2188 artem
1003 2113 1143 2186 discebat
1163 2122 1193 2184 in
1216 2121 1287 2196 oris,

469 2228 558 2300 Quae
581 2230 670 2291 docet
692 2233 845 2292 astrorum
866 2234 985 2306 motus,
1008 2229 1081 2291 solis
1103 2247 1224 2308 quoque
1247 2245 1383 2300 cursum,

469 2331 644 2415 Obstupuit,
666 2335 752 2396 libris
775 2335 936 2417 coepitque
957 2333 1117 2415 requirere
1139 2331 1236 2406 lectis,

408 2433 457 2499 10.
474 2437 507 2500 Si
530 2441 602 2500 tunc
625 2439 749 2522 eclipsis
771 2441 877 2522 posset
899 2437 1068 2500 consistere
1091 2436 1173 2496 solis.

470 2541 531 2603 Ast
552 2543 604 2605 ubi
625 2563 685 2604 nou
709 2544 815 2604 solitas
837 2542 935 2606 sensit
955 2541 1055 2621 magis
1077 2560 1146 2600 esse
1169 2539 1326 2611 tenebras,

470 2645 681 2728 Descripsissc
704 2647 785 2708 diem
807 2647 935 2727 dignum
957 2645 1089 2706 ducebat
1111 2647 1143 2704 et
1165 2662 1288 2717 anniam,

471 2747 540 2810 Non
564 2749 715 2824 dubitans,
739 2750 897 2829 designari
919 2750 992 2830 quid
1015 2749 1094 2810 forte
1117 2746 1271 2828 stupendi,

471 2851 562 2922 Quod
584 2857 654 2933 post
674 2853 857 2935 mysterium
879 2854 1070 2914 declarasset
1091 2854 1300 2925 tenebrarum,

408 2951 457 3016 15.
472 2952 702 3036 Conjeotatquc,
724 2956 824 3018 Deum
847 2957 943 3036 signis
965 2957 1150 3020 testantibus
1173 2955 1295 3030 almum,

471 3057 632 3121 Hactenus
653 3060 802 3138 ignotum,
824 3060 937 3122 mundo
959 3079 1032 3122 mox
1055 3079 1124 3120 esse
1147 3058 1349 3140 probandum

471 3161 531 3224 Ast
552 3163 613 3238 ubi,
636 3163 674 3224 de
697 3163 773 3224 riuis
795 3165 954 3244 praefatae
976 3163 1101 3224 debrius
1124 3164 1207 3236 artis,

470 3265 612 3328 Athenas
634 3267 731 3348 petiit,
755 3268 861 3329 sedem
882 3267 1073 3348 patriamque
1093 3267 1209 3342 revisit,

472 3368 560 3432 Inter
582 3371 748 3433 stultorum
770 3371 933 3432 simulacra
954 3371 1084 3452 profana
1100 3370 1228 3431 deorum

409 3468 459 3534 20.
477 3471 566 3534 Culte
590 3476 798 3536 constructam
820 3475 893 3556 poni
914 3476 1117 3556 praeceperat
1139 3493 1232 3549 aram,

473 3574 563 3638 Hanc
585 3577 691 3658 ipsam,
714 3577 820 3652 titulis,
844 3578 1023 3652 decernens,
1047 3597 1183 3657 congrue
1206 3577 1306 3660 pictis,

474 3679 580 3758 Ignoti
600 3683 657 3742 sub
680 3681 796 3742 honore
818 3682 876 3742 Dei
898 3683 1012 3743 debere
1036 3683 1159 3742 sacrari.

476 3781 577 3852 Quam
598 3784 705 3845 doctor
726 3784 842 3846 Paulus
865 3805 934 3846 cum
956 3785 1170 3866 conspexisset
1193 3783 1308 3865 opimis,

476 3885 554 3956 Quis
577 3885 616 3948 sit
637 3887 664 3948 is
685 3888 819 3967 ignotus,
842 3889 946 3950 verbis
967 3889 1123 3970 rogitabat
1144 3888 1256 3949 amicis.

396 4059 577 4072 ...n——

420 4143 436 4182 Ι.
451 4140 554 4194 Oves,
566 4141 600 4194 (λς
616 4141 695 4194 Cum,
711 4142 734 4186 S.
769 4144 789 4187 5.
807 4143 952 4198 Exequnr,
966 4147 1000 4201 ας
1015 4143 1158 4184 famulamine
1171 4141 1296 4193 curantr,
1318 4141 1343 4183 c.
1360 4154 1383 4182 n.
1397 4139 1418 4179 S.

448 4211 469 4253 6.
484 4208 553 4263 One,
569 4210 599 4254 Μ.
627 4213 647 4255 7.
667 4212 877 4268 Memphitide,
892 4214 915 4256 c.
931 4227 953 4256 u.
970 4214 993 4258 S.
1021 4216 1054 4258 Ὦ,
1066 4213 1147 4255 dobere
1163 4213 1260 4265 oncri,
1276 4211 1318 4266 M.;
1335 4211 1360 4252 P.
1376 4221 1420 4252 ver·

452 4281 538 4322 terreri
552 4281 574 4322 in
585 4282 678 4323 sacrari.
1493 4255 1494 4305 i
