3022 4982
784 529 1001 598 ...ρο-

464 707 629 772 Pontifices
651 709 758 791 templi
778 709 870 791 pretii
891 727 953 771 non
974 725 1102 770 munere
1116 705 1220 787 'parci

382 809 453 877 380.
464 812 598 877 Vellent
613 813 805 896 praeclaram
826 833 885 894 quc
909 813 1072 894 dispenare
1094 808 1225 871 Mariam

469 917 573 999 Ipsius
596 918 724 998 egregio
747 917 989 997 legsli‘scedere
1011 919 1092 976 nate.

469 1020 561 1092 Quod
582 1022 650 1084 fieri
671 1041 746 1084 vero
766 1021 909 1102 prohibet
929 1019 1114 1099 virguncula
1137 1019 1231 1091 easta,

465 1125 589 1208 Inclyta
610 1127 726 1206 regalis
748 1143 899 1206 spernens
922 1123 1075 1186 consortie
1098 1121 1211 1202 stirpis.

467 1227 508 1291 Se
530 1249 651 1310 quoque
673 1230 826 1294 finetenus
849 1231 981 1290 testatur
1002 1227 1103 1288 nobile
1127 1243 1238 1306 eorpus

387 1329 460 1396 385.
471 1330 549 1414 Ejus
571 1333 714 1414 conjugio
737 1335 879 1414 percerte
902 1331 1034 1392 subdere
1056 1330 1148 1392 nullo.

465 1436 551 1498 Talia
573 1438 732 1518 pontifices
755 1438 804 1498 cui
825 1457 898 1500 mox
921 1437 1029 1498 dixere
1052 1437 1210 1517 potentes:

508 1540 638 1618 „Nonne
662 1540 747 1626 Deus
770 1541 881 1602 celitur
902 1541 1057 1620 digneque
1079 1542 1189 1620 potens
1211 1537 1383 1600 veneratur
1501 1563 1502 1628 p

465 1644 528 1721 „In
544 1644 643 1726 plebis
663 1644 762 1706 Iudae
785 1645 880 1724 legali
901 1645 1106 1725 posteritate?
1501 1629 1502 1644 ¹

464 1748 549 1825 „Nec
571 1749 661 1810 decet
682 1749 841 1830 innuptam
863 1748 957 1809 talem
978 1767 1139 1809 remanere
1160 1745 1302 1828 puellam.

379 1848 451 1913 390.
464 1850 542 1923 Quis
565 1857 709 1914 constans
732 1853 831 1915 animo
853 1851 1012 1933 respondit
1025 1852 1107 1912 talia
1129 1849 1242 1929 Virgo:

464 1955 562 2032 „Nam
584 1955 669 2018 Deus
691 1957 722 2017 in
745 1957 858 2038 templo
881 1957 998 2036 gaudet
1020 1955 1221 2035 requiescere
1243 1949 1366 2025 mundo,

464 2058 639 2135 „Mentibus
662 2063 694 2122 et
716 2061 834 2136 sobriis,
856 2081 914 2122 nec
936 2061 1109 2123 delectatur
1130 2058 1163 2120 in
1184 2056 1253 2130 illis,

466 2161 620 2240 „Crimine
644 2183 720 2244 quos
742 2183 855 2244 magno
876 2165 1010 2226 maculat
1031 2163 1147 2225 lasciva
1169 2160 1270 2222 libide.

464 2265 612 2344 „Seimus
635 2268 716 2330 Abel
739 2268 864 2349 duplam
884 2268 993 2328 merito
1022 2267 1190 2348 sumpsisse
1212 2279 1366 2336 cononem,

379 2365 450 2432 395.
462 2370 544 2446 „Qui
566 2373 682 2453 primus
703 2372 816 2434 mundo
835 2373 938 2452 justus
960 2372 1063 2432 suerat
1083 2369 1281 2451 protoplasto,

463 2474 584 2550 „Unam
604 2476 752 2558 martyrii,
775 2475 880 2537 fratris
899 2475 938 2535 de
961 2475 1056 2536 caede
1073 2474 1200 2556 peracti,

466 2578 588 2658 „Atque
610 2579 709 2658 magis
731 2579 858 2640 nitidem
879 2598 936 2660 per
957 2577 1167 2657 virginitatem
1189 2574 1364 2638 secundem.

463 2679 651 2758 „Credimus
674 2682 799 2744 Heliam
820 2683 940 2744 eoelum
968 2681 1095 2763 petiisse
1117 2685 1281 2754 secretum,
1316 2681 1321 2686 ’

468 2782 623 2868 „Corpore
646 2807 714 2848 cum
736 2805 811 2848 vere
834 2786 946 2847 mansit
968 2786 1039 2865 quia
1060 2786 1150 2864 virgo
1177 2785 1320 2866 potenter

378 2882 548 2964 400.„Nec
570 2910 681 2972 corpus
703 2891 831 2952 meotilis
852 2908 996 2970 umquem
1017 2889 1145 2951 violavit
1167 2887 1288 2950 amaris.

462 2991 572 3069 „Haec
592 2994 691 3071 didici,
715 2999 800 3056 certe
822 2995 902 3073 legis
925 2995 1044 3056 ratione
1068 2993 1207 3068 decente,

465 3095 526 3172 „Et
546 3097 668 3160 discens
690 3099 789 3161 auimo
811 3098 956 3160 mandavi
978 3097 1085 3158 sedula
1107 3097 1178 3171 fixo,

464 3198 597 3281 „Meque
619 3203 791 3283 puellarem
812 3203 891 3264 novi,
905 3202 1041 3264 retinere
1064 3200 1241 3283 pudorem.“
1348 3241 1350 3246 ,

505 3302 673 3386 Postquam
693 3307 740 3368 bis
762 3313 881 3387 septem
903 3307 983 3368 totos
1006 3305 1218 3386 compleverat
1238 3322 1344 3378 annos,

379 3400 450 3466 405.
462 3405 532 3468 Non
553 3408 611 3472 hoc
633 3429 703 3471 esse
726 3411 773 3472 sui
794 3410 895 3484 moris,
918 3410 1022 3472 dicunt
1042 3407 1208 3483 Pharisaei,

462 3509 584 3573 Aetatis
607 3515 712 3574 tantae
733 3514 815 3594 quod
836 3514 933 3576 vellet
953 3513 1043 3592 virgo
1064 3531 1199 3574 manere.

463 3612 538 3676 Post
559 3615 636 3678 haec
657 3617 688 3677 in
711 3617 824 3697 templo
846 3616 967 3677 Domini
989 3618 1045 3678 sub
1068 3617 1183 3679 honore
1206 3619 1326 3680 sacrate

462 3716 677 3782 Decreverunt
697 3721 842 3802 populum
865 3739 1049 3782 concurerre
1072 3724 1224 3795 cunctum,

462 3819 506 3884 Ut
526 3823 642 3906 pariter
663 3827 780 3886 tantam
801 3827 988 3905 temptarent
1009 3826 1137 3886 volvere
1160 3843 1292 3886 causam.

377 3919 449 3987 410.
471 3922 513 3987 Et
535 3946 604 3988 eum
626 3927 682 3990 sub
704 3927 794 3990 tectis
817 3927 923 4012 templi
945 3928 1129 3990 consisteret
1150 3929 1255 4006 imnis,

376 4099 557 4112 m

402 4201 449 4248 880-
464 4203 655 4256 desponsare,
675 4197 700 4248 0.
721 4213 744 4248 u.
758 4199 799 4260 lup
822 4200 891 4258 vergi.
909 4200 992 4258 Pnnep
1014 4201 1098 4248 liddon.
1115 4201 1158 4250 itt
1197 4201 1244 4250 393.
1261 4204 1401 4260 tanim,

469 4271 500 4318 M.
514 4284 536 4317 n.
552 4272 577 4318 P.
604 4271 652 4316 ⁴⁰8.
663 4269 727 4315 Men
740 4273 894 4327 decreverunt,
909 4269 932 4316 C.
948 4286 970 4318 n.
985 4271 1009 4320 S.
