3048 4980
784 511 1022 580 -314-

471 690 515 757 Ut
537 690 655 767 credas,
677 709 786 770 regem
807 686 909 752 David
930 705 1064 767 regnare
1087 685 1218 760 fidelem,

476 795 546 858 Jam
567 814 649 858 nuno
671 793 805 874 antiquis
827 793 1000 871 fulgentem
1021 792 1080 857 rite
1103 789 1273 871 triumphis,

472 899 539 964 Neo
562 899 661 960 solum
682 899 793 977 gentes
816 896 913 958 frenis
934 895 1075 958 moderat
1097 893 1250 967 bonitatis,

386 999 458 1065 215.
474 1002 562 1073 Quae
583 1002 669 1082 prius
690 999 819 1082 imperio
841 1001 938 1080 patris
961 998 1112 1060 dederant
1134 1015 1191 1058 sua
1213 997 1301 1070 oolla,

400 1112 408 1121 '
475 1105 537 1168 Sed
558 1105 654 1168 multo
674 1105 781 1184 plures
803 1105 888 1164 certe
910 1103 970 1164 sibi
990 1102 1128 1164 vindicat
1149 1101 1225 1182 ipse,

473 1209 615 1272 Subdons
638 1207 772 1288 gentiles
796 1203 911 1268 Christi
932 1206 1033 1296 servis
1054 1205 1206 1278 nationes,

475 1312 543 1384 Quo
566 1331 630 1394 pax
652 1310 802 1372 ecclesiae
825 1309 915 1371 fieret
936 1309 1073 1370 stabilita
1095 1309 1244 1370 sacratae.

473 1416 523 1478 Ad
543 1417 659 1479 bellum
681 1417 766 1476 certe
790 1413 909 1494 quoties
931 1413 1129 1494 processerat
1150 1411 1227 1491 ipse,
1350 1426 1352 1432 ·

386 1516 458 1582 220.
472 1519 541 1582 Non
564 1520 624 1582 luit
645 1519 786 1600 populus,
811 1515 949 1596 quemvis
971 1515 1088 1577 virtute
1110 1515 1271 1595 superbus,

471 1621 613 1682 Laedere
635 1621 688 1701 qui
710 1622 816 1702 posset
837 1620 890 1680 vel
913 1637 1104 1700 exsuperare
1125 1618 1249 1704 valeret

472 1725 579 1808 Ipsum
603 1724 746 1786 coelestis
768 1723 879 1784 fultum
902 1723 1049 1784 solamine
1071 1720 1173 1801 regis,

472 1827 550 1910 Ejus
571 1847 630 1889 nec
653 1827 746 1890 cessit
768 1825 838 1887 telis
861 1825 1018 1888 exercitus
1040 1825 1120 1899 ullis,

472 1931 514 1994 Ni
536 1949 592 1992 sua
614 1931 789 2012 spernendo
812 1929 918 1991 forsan
940 1929 1059 2008 regalia
1078 1930 1167 2009 jussa

387 2030 545 2096 225.111i0
567 2035 732 2116 pugnaret,
755 2052 815 2113 quo
837 2052 897 2094 rex
919 2032 999 2094 idem
1020 2032 1206 2114 prohiberet.

474 2189 604 2268 At'dux
625 2205 791 2282 Henricus,
815 2207 913 2266 irater
934 2205 1019 2285 regis
1041 2203 1247 2277 venerandus,

388 2351 390 2355 -
471 2311 620 2391 Princeps
641 2297 673 2372 in
695 2329 793 2389 regno
816 2311 919 2372 fuerat
940 2316 1014 2370 tunc
1036 2327 1146 2389 nempe
1170 2306 1271 2386 quicto

471 2414 547 2476 Post
568 2433 685 2493 regem,
707 2413 791 2495 plebi
812 2413 921 2475 merito
942 2412 1131 2476 venerabilis
1154 2409 1250 2486 omni3

474 2515 535 2586 Qui
557 2517 616 2577 sibi
637 2515 790 2596 condigne
812 2517 909 2596 legali
928 2517 1033 2598 junxit
1055 2534 1158 2577 amore

388 2616 600 2681 230.Arnu1fi
620 2627 733 2695 natam,
757 2621 844 2682 ducis
867 2620 996 2701 egregii,
1020 2635 1212 2700 generosam,

473 2722 604 2784 Nomine
628 2722 786 2798 Judittam,
808 2724 914 2784 vultus
936 2723 1101 2804 splendore
1124 2737 1282 2782 coruscam

473 2825 521 2887 Ac
544 2827 668 2908 fulgore
690 2827 789 2907 magis
812 2830 940 2889 cunctae
962 2826 1091 2888 nitidam
1112 2823 1264 2886 bonitatis.

472 2928 531 2990 His
552 2930 597 2992 ita
619 2931 758 3010 digestis,
781 2931 884 2992 fuerat
905 2949 968 3012 pax
991 2929 1126 3008 undique
1148 2925 1263 2988 nostris

398 3116 401 3122 1
472 3031 522 3094 Ad
543 3034 663 3114 tempus
686 3033 839 3094 modicum
860 3033 1006 3112 libitoque
1028 3032 1128 3092 minus
1151 3029 1339 3112 populorum,

385 3133 458 3200 235.
474 3136 632 3198 Bellorum
655 3138 739 3198 certe
762 3155 855 3198 saevo
878 3137 1025 3215 clangore
1047 3135 1179 3196 tacente.

478 3309 503 3372 0
528 3328 619 3390 quam
640 3308 840 3389 tranquillum
862 3308 967 3368 ridens
991 3307 1167 3375 deduceret
1181 3323 1292 3366 aerum

472 3413 644 3476 Fortunata
666 3413 742 3476 satis
763 3415 888 3474 nostrae
910 3432 962 3472 res
984 3411 1106 3494 publica
1129 3409 1240 3490 gentle,

472 3515 560 3586 Quae
583 3516 671 3577 nimis
693 3516 820 3598 imperio
842 3516 927 3596 regis
949 3515 1070 3594 regitur
1093 3512 1250 3595 sapientis,

471 3618 587 3681 Sinon
609 3619 728 3700 antiqui
749 3620 830 3681 mala
853 3617 1004 3680 calliditas
1027 3617 1140 3678 inimici

309 3708 317 3720 ”
384 3718 456 3784 240.
472 3721 626 3784 Turbaret
647 3726 788 3786 nostrum
810 3728 932 3784 secreta
953 3722 1064 3782 fraude
1087 3723 1242 3782 serenum!

470 3825 610 3906 Denique
634 3826 764 3888 devictis
787 3826 979 3906 aligenorum
1000 3826 1080 3886 benc
1101 3825 1181 3900 telis,

384 3967 564 3974 w...—

409 4028 678 4082 ll'l.dltioner,Ptz.
706 4028 916 4082 218.flere,rl.,
941 4029 1150 4082 interrumpam
1177 4018 1399 4070 mosellorum

468 4099 579 4151 populus,
596 4097 628 4150 0.,
644 4097 670 4138 ll.
685 4109 707 4140 u.
722 4097 746 4140 S.
774 4098 820 4141 929,
838 4099 945 4152 vinxit,
961 4099 985 4140 P.
1013 4097 1060 4142 all.
1077 4094 1288 4152 ullenig'endm,
1302 4091 1397 4145 C.,R·1¹·

469 4166 509 4220 S.;
526 4167 551 4212 P.
565 4167 626 4208 hatte
640 4165 799 4220 ursprlinglirlr
815 4167 1034 4221 unausgesrlrrlebcn
1051 4168 1078 4208 al
1088 4169 1182 4222 igenn,
1203 4165 1240 4208 ltr
1253 4167 1292 4208 das
1311 4158 1398 4204 alicni-

470 4247 567 4288 genum
581 4235 616 4278 alr
631 4235 750 4278 Correetur
763 4247 792 4276 an
807 4237 848 4278 den
857 4237 917 4278 lland
932 4241 1016 4292 gesetzt
1030 4237 1113 4282 wurdc.
