3016 4982
480 534 724 602 -127-

176 711 359 788 „Quondam
380 712 480 774 felicis
502 713 574 774 talis
596 713 634 774 de
656 714 796 793 germine
816 714 920 796 prolis,

99 813 161 877 280.
176 816 257 892 „Sed
278 837 363 878 nunc
385 817 485 878 orbati
504 817 618 878 misere
639 837 695 897 pro
717 819 827 878 sunere
848 819 937 880 nati?

172 921 271 996 „Hinc
293 923 380 1002 patet
402 941 486 1000 ergo,
508 925 592 981 tuam
614 923 756 996 mentem,
779 921 904 982 nimium
925 921 1076 998 vitiosam,

173 1025 237 1100 „De
259 1025 369 1086 rivulis
390 1025 529 1103 magicae
552 1025 670 1084 fraudis
692 1024 827 1086 bibulam
848 1025 923 1086 satis
946 1045 1024 1100 esse,

172 1129 369 1204 „florentem
390 1129 495 1209 primis
518 1128 590 1207 qnia
611 1129 691 1189 sorte
713 1147 826 1188 necare
848 1131 905 1190 sub
928 1130 1017 1190 annis

172 1231 390 1307 „Subtractum
412 1232 494 1292 dulci
511 1233 659 1311 juvenem
680 1232 747 1294 vita
767 1232 920 1294 voluisti.“

99 1332 162 1396 285.
176 1336 218 1396 At
239 1354 329 1396 sacra
351 1335 496 1396 conviciis
518 1336 608 1412 virgo
630 1355 690 1396 non
713 1336 867 1414 frangitur
887 1336 964 1412 istis,

177 1439 341 1500 Praefecto
363 1458 421 1500 nec
443 1458 625 1518 responsum
647 1439 797 1501 reddebat
818 1421 972 1516 acerbum,

173 1543 281 1604 Dulcia
304 1546 360 1604 scd
382 1563 493 1604 resono
514 1543 705 1623 profundens
726 1544 824 1604 verba
846 1544 959 1624 palate,

174 1646 260 1708 mm
281 1646 424 1720 facunde,
446 1647 525 1708 bene
549 1647 715 1726 composita
736 1647 871 1708 ratione:

174 1749 261 1826 „Non
284 1769 343 1828 ego
367 1767 460 1810 causa
481 1749 567 1810 necis
584 1750 695 1830 juveni
716 1752 837 1812 fueram
857 1751 1010 1833 pereunti,

102 1847 163 1912 290.
178 1851 258 1927 „Sed
281 1853 380 1931 magis
402 1853 468 1933 i‘pse
490 1853 549 1914 sibi
570 1854 628 1914 fuit
648 1854 791 1915 incensor
813 1855 971 1929 moriendi,

175 1954 376 2030 „Glorificare
397 1956 498 2018 Deum
519 1957 634 2018 stultus
655 1957 727 2037 quia
748 1961 912 2038 spreverat
933 1959 1028 2035 illum,

176 2057 302 2134 „Gloria
324 2060 456 2122 testifico
480 2061 568 2141 cujus
590 2061 768 2141 praefulget
789 2061 820 2122 in
842 2067 938 2122 antro.

177 2163 258 2239 „Sed
279 2184 371 2239 nunc,
393 2167 429 2226 ut
450 2165 543 2245 plane
566 2167 630 2224 tcto
653 2165 804 2225 clarescat
825 2165 856 2226 in
879 2167 952 2226 orbe

175 2267 269 2348 „Ejus
291 2269 438 2348 majestas
460 2287 580 2328 necnon
602 2269 763 2348 praecelsa
784 2271 931 2348 potestas,

100 2365 161 2430 295.
179 2370 300 2451 „Ipsius
322 2389 450 2432 suavem
472 2371 606 2452 supplex
628 2390 681 2432 cro
703 2373 858 2452 pietatem,

177 2475 237 2548 „Ut
259 2495 370 2555 corpus
392 2474 526 2554 rigidum
543 2476 652 2555 jubeat
673 2477 866 2536 recalescere
889 2495 1013 2538 rursum

174 2579 296 2659 „Atque
318 2600 433 2640 novum
454 2579 598 2640 membris
621 2579 774 2640 hominem
795 2583 921 2660 reparet
938 2579 1113 2642 redivivis.“

175 2683 269 2757 Dixit,
294 2685 326 2743 et
347 2685 484 2744 astantes
507 2683 616 2762 egredi
638 2687 841 2764 praeceperat
862 2703 976 2760 omnes,

170 2786 219 2862 Et,
242 2791 397 2868 prostrata
420 2787 484 2848 solo
506 2786 700 2866 fundensque
722 2805 832 2866 preces
853 2787 1050 2862 lacrimando,

97 2885 158 2950 300.
173 2890 332 2950 Praestari
354 2892 432 2970 petit
453 2908 471 2950 a
493 2889 622 2952 Domine
645 2890 768 2951 veniam
790 2890 953 2952 sceleroso.

172 2992 229 3054 Cui
250 3014 324 3058 mox
346 2995 456 3068 oranti,
479 2995 591 3054 misero
614 2994 770 3072 vitamque
792 2995 933 3075 precanti

168 3097 310 3176 Angelus
333 3099 475 3159 astiterat
496 3099 809 3180 procumbentemque
831 3097 965 3172 levabat,

168 3200 327 3262 Praebens
349 3203 509 3281 colloquiis
532 3201 577 3262 illi
598 3201 736 3262 solamen
759 3201 874 3276 amicis,

169 3304 206 3364 In
229 3307 387 3385 verboque
409 3306 468 3366 Dei
486 3305 587 3387 jussit,
610 3304 726 3365 virtute
748 3305 868 3384 potenti

93 3402 154 3467 305.
171 3407 351 3470 Extinctum
374 3410 474 3470 subito
497 3409 573 3470 flatu
594 3407 712 3468 vixisse
735 3413 901 3488 resumpto.

168 3511 229 3582 Qui
252 3511 341 3572 citiam
364 3513 445 3574 dicto
464 3513 571 3592 jussus
593 3511 733 3572 surrexit
754 3513 792 3570 ab
816 3511 917 3584 humo,

170 3613 296 3676 Viribus
320 3618 352 3676 et
374 3616 493 3676 cunctis
515 3617 606 3697 plene
629 3615 774 3676 membris
797 3615 959 3690 restitutis,

167 3717 214 3779 Ac
236 3713 364 3780 laudum
387 3719 495 3780 dulces
517 3737 669 3802 spargens
691 3738 786 3798 super
807 3718 936 3792 aethere
958 3735 1061 3794 voees,

170 3819 285 3884 Grates
308 3823 453 3884 continuo
476 3825 618 3884 solvebat
638 3826 741 3884 mente
761 3822 895 3904 jocundo

111 4073 152 4118 tac.
167 4087 206 4128 pro
222 4077 306 4130 fune,
322 4075 362 4133 Μ.;
382 4075 463 4131 tune,
478 4075 503 4122 Ρ.
531 4074 578 4122 984.
593 4077 760 4132 subtracta,
776 4077 801 4123 C.
816 4092 838 4121 u.
853 4073 876 4120 S.
901 4075 949 4122 Μ
964 4075 1112 4133 Profecto,

170 4145 193 4190 c.
209 4161 230 4190 u.
246 4147 270 4190 S.
298 4148 345 4192 ¹189.
361 4147 445 4188 fuere
460 4147 548 4202 juveni,
562 4148 586 4189 G.
602 4161 623 4188 n·
637 4147 660 4189 S.
686 4149 732 4191 29¹1.
749 4148 919 4202 reparet,c.
946 4149 1111 4202 megisti

170 4219 340 4268 praecerat,
355 4215 397 4271 ll.;
421 4218 523 4270 egredi
539 4222 755 4271 praeceperat,
775 4219 811 4274 P.;
833 4217 939 4258 abeant
961 4224 1113 4272 praesepe·

166 4291 217 4343 ω,
234 4287 269 4345 c.;
284 4286 402 4342 regredi
422 4291 629 4344 praeceperat,
644 4287 668 4333 S.
696 4289 743 4334 309.
757 4286 896 4344 jocunde,
913 4286 936 4335 c.
951 4295 974 4334 u.
990 4283 1014 4332 S.
1052 4309 1056 4318 ·
