3022 4982
796 551 1013 622 ...16-

472 751 667 815 Praestolato
688 739 777 816 snum
800 749 908 832 gaviso
930 753 1034 814 mente
1053 753 1227 834 patronum.
1311 741 1314 748 ’

516 856 641 919 Scilicet
663 856 799 919 attonitis
822 875 913 937 quem
935 875 1005 917 oum
1026 856 1189 938 conspexit
1211 855 1325 932 ocellis,

472 957 554 1022 Caro
573 961 752 1041 florigerum
772 963 971 1044 percurrerat
993 959 1083 1022 obvio
1105 977 1254 1042 campum,

384 1060 572 1148 meipsius
595 1067 627 1126 et
648 1061 727 1126 collo
748 1083 818 1126 sese
841 1065 1002 1146 suspendit
1024 1064 1163 1138 amando,

393 1149 398 1164 ι
472 1169 649 1231 Altithrono
672 1170 778 1248 grates
800 1169 958 1230 reddendo
981 1169 1113 1249 denique
1135 1170 1231 1230 tales:

472 1272 574 1350 „Laus
596 1274 659 1348 tibi,
683 1275 862 1336 cunctorum
882 1273 1013 1352 largitor
1034 1290 1152 1334 summe
1173 1274 1330 1350 bonorum,

470 1377 553 1454 „Qui
572 1378 646 1439 mihi
667 1395 728 1437 non
749 1375 859 1438 merito
882 1376 1024 1438 concedis
1047 1367 1161 1455 gaudie
1182 1379 1285 1439 tanta!

471 1480 572 1556 „Ecce
593 1481 695 1541 virum
713 1480 870 1562 proprium
891 1482 1088 1562 praesentem
1110 1481 1209 1542 sentio
1231 1481 1361 1558 salvum,

282 1575 286 1582 ⁴
385 1581 457 1646 260.
470 1585 640 1665 „Tempore
664 1602 742 1664 quae
764 1585 857 1663 longo
876 1585 940 1665 jam
961 1583 1117 1668 permansi
1131 1584 1273 1660 'viduata

471 1687 643 1768 „Quaeque
663 1687 709 1748 sui
730 1687 853 1762 sterilis,
876 1688 1002 1768 concepi
1024 1687 1137 1768 gaudia
1158 1689 1262 1770 prolis.

473 1791 598 1854 Talibus
620 1791 741 1867 auditis,
764 1792 961 1870 congaudens
984 1779 1116 1854 concinit
1138 1792 1234 1852 omnis
1363 1869 1369 1884 ι

471 1895 565 1958 Plebs
587 1896 722 1956 hebraea
743 1895 810 1955 Deo
832 1893 939 1955 laudes
962 1913 1031 1955 cum
1051 1894 1290 1976 pectors'laeto.

515 1999 592 2060 Post
614 2001 698 2075 baec,
720 2017 842 2060 noveno
864 2001 1007 2080 percerte
1028 2015 1135 2060 mense
1157 2002 1292 2080 peracto,

387 2098 460 2164 265.
473 2101 568 2164 Venit
590 2121 707 2164 summo
728 2103 804 2178 dies,
827 2101 859 2162 in
881 2119 941 2182 qua
961 2102 1148 2184 praenobilis
1169 2102 1261 2164 Anus

470 2205 641 2286 Progenuit
660 2211 773 2282 natam,
797 2206 914 2268 cunctis
936 2207 1028 2268 seclis
1044 2206 1268 2268 ¹venerandam.
1315 2211 1318 2234 ⁵

470 2309 606 2392 Postque
629 2311 695 2372 dies
717 2313 785 2372 coto
806 2311 896 2392 primi
916 2327 1033 2371 venere
1054 2311 1155 2372 voost'

470 2413 645 2490 Pontifices,
667 2417 772 2476 tantae
794 2415 883 2476 solito
905 2413 957 2494 qui
978 2433 1062 2475 more
1083 2413 1208 2495 puellae

471 2520 591 2584 Nomen
614 2521 646 2580 et
666 2517 817 2599 aptarent,
840 2519 939 2599 ipsam
960 2537 1081 2597 quoque
1105 2518 1340 2582 sanctificarent.

386 2625 457 2691 270.
470 2625 548 2697 Quis
570 2623 709 2685 Joaohim
730 2622 873 2704 preculas
897 2621 978 2682 fudit
998 2621 1213 2702 praesentibus
1234 2622 1326 2683 istas:

474 2727 566 2806 „Rex
588 2727 675 2802 coeli,
698 2726 796 2788 stellis
819 2725 901 2786 eolus
924 2725 975 2804 qui
997 2726 1119 2788 nomina
1140 2725 1236 2808 ponis,

470 2832 584 2910 ,istius
604 2833 732 2892 teneres
753 2847 865 2892 nomen
888 2829 1017 2908 dignare
1036 2831 1161 2911 puellae

470 2933 626 3014 „Coclites
647 2933 766 2994 indiciis
787 2950 844 3015 per
865 2936 897 2994 te
918 2936 1091 2994 monstrare
1112 2933 1275 2996 coruscis?
1318 2936 1321 2947 '

514 3039 655 3112 Dixerat,
678 3039 709 3098 et
730 3039 830 3098 subito
852 3037 954 3098 sonuit
975 3055 1039 3098 vox
1060 3037 1148 3101 fortis
1171 3039 1209 3099 ab
1236 3038 1307 3113 alto,

385 3141 630 3217 275.Mandans,
653 3142 813 3222 egregiam
835 3139 1002 3201 Mariam
1022 3141 1160 3202 vocitare
1182 3143 1324 3223 puellam,

471 3246 604 3308 Stella
624 3245 745 3306 meris
767 3246 874 3325 lingua
896 3246 978 3326 quod
998 3249 1147 3306 consonat
1168 3259 1243 3327 engo
1265 3247 1369 3325 letina,

471 3349 540 3412 Hoc
560 3369 671 3411 nomen
693 3349 802 3411 merito
825 3350 951 3414 sortitur
974 3356 1080 3412 saneta
1101 3353 1213 3434 puelle,
1279 3354 1282 3360 “
1371 3361 1374 3366 “

469 3453 528 3515 Est
547 3455 620 3534 quia
641 3455 836 3536 praeclarum
858 3454 950 3530 sidus,
980 3456 1061 3535 qnod
1086 3457 1188 3537 fulget
1206 3457 1238 3518 in
1257 3465 1370 3516 sevum

470 3557 569 3638 Regis
591 3558 711 3618 oeterni
733 3559 816 3618 claro
838 3557 1009 3621 diademate
1032 3557 1154 3622 Christi.

385 3658 457 3726 280.
509 3659 585 3723 Post
606 3662 691 3736 bace,
713 3679 863 3724 annorum
883 3665 966 3723 mets
987 3667 1139 3744 vergente
1162 3665 1299 3741 duorum,

469 3763 641 3826 Fortunata
662 3781 750 3824 suam
772 3765 845 3828 dum
866 3767 997 3847 sumpsit
1018 3769 1056 3828 ab
1076 3771 1306 3854 obcaecatam,
1396 3817 1400 3834 .

469 3867 662 3929 Ablaotsndo
684 3868 765 3949 piam
785 3869 923 3947 genitrix
945 3872 984 3932 de
1005 3884 1094 3934 more·
1111 3872 1250 3952 Mariam,

472 3967 566 4032 Ocius
587 3971 619 4036 in
641 3972 755 4053 templo
776 3972 858 4034 sistit
878 3990 949 4038 cnm
969 3983 1097 4038 munere
1118 3977 1213 4058 digno

469 4071 582 4156 Ipsam,
606 4093 684 4158 quae
706 4076 853 4160 templum
874 4077 996 4143 Domini
1016 4081 1075 4144 fuit
1095 4080 1185 4146 immo
1208 4081 1353 4162 futurum,

384 4229 564 4254 barud—&Q

385 4315 432 4360 sas.
443 4316 569 4372 meritae,
584 4315 607 4360 c.
621 4327 644 4360 n.
661 4315 685 4362 8.
700 4279 748 4365 ibt.-
761 4317 862 4379 P'teps,
875 4317 906 4364 u.
919 4317 1111 4381 musculis,
1125 4321 1149 4370 S.
1162 4324 1405 4385 ras.utquu,u.o.r.
