3022 4982
505 518 722 596 ...93...

106 702 175 768 410.
189 705 248 782 „Et
267 725 325 788 per
346 725 438 786 quam
458 705 573 780 mundo
593 705 681 769 venit
703 705 874 775 benedictio
896 707 1015 771 cuncto.

184 808 283 888 ‚ilinc
302 829 420 872 mcmcr
441 813 524 886 esto,
545 797 605 875 Dei
624 811 762 889 genitrix
782 810 991 888 sanctissima,
1019 809 1126 884 nostri,
1150 803 1154 808 “

186 913 266 989 „Qui
286 917 317 976 te
338 917 451 988 mente,
472 914 544 990 fide,
563 916 635 974 roto
656 914 815 976 laudamus
838 917 953 989 ctore,

185 1016 272 1093 „Quo
293 1018 362 1100 pius
383 1019 450 1099 ipse
471 1037 601 1097 gregem
622 1023 728 1099 pastor
748 1037 877 1082 servare
895 1017 1022 1091 ¹fidelem

181 1120 365 1200 „Dignetur‚
383 1107 502 1196 ueteris
523 1121 653 1202 depullra
670 1123 779 1184 fraude
801 1121 954 1188 draconis.

99 1221 167 1286 415.
187 1225 249 1300 „At
271 1245 327 1291 nos
351 1226 460 1301 exiles,
480 1226 567 1288 nulla
587 1226 702 1288 virtute
725 1228 875 1306 potentes,

180 1329 244 1404 „To
265 1349 397 1410 semper,
419 1331 504 1408 regis
524 1333 631 1404 mater,
652 1333 824 1403 contacta,
847 1329 1002 1412 perennis,

180 1433 245 1509 „dc
267 1433 306 1494 de
329 1437 363 1500 tc
387 1435 528 1513 gonimm
546 1453 654 1512 regem
674 1433 888 1512 dominumque
908 1435 1048 1514 polorum

179 1536 371 1612 „Ellerimus
392 1538 509 1601 crebris
530 1539 756 1602 conclamantes
776 1537 865 1610 simul
887 1538 961 1612 odis,

178 1639 330 1715 „Peccata
349 1645 454 1704 noster
475 1641 608 1713 moriens
630 1641 722 1721 periit
742 1641 813 1720 quia
834 1641 941 1716 frater,

99 1739 165 1804 420.
177 1742 261 1819 „Sed
280 1748 443 1826 postquam
458 1745 558 1826 periit,
579 1763 636 1826 pcr
657 1747 698 1819 te,
719 1763 808 1806 saera
828 1746 928 1824 uirgo,
949 1745 1093 1809 revixit.“

217 1845 276 1908 His
297 1849 394 1923 dictis,
415 1849 553 1915 chartam
573 1850 772 1926 comburebat
790 1850 994 1925 maledictam,

174 1950 216 2015 Et
238 1971 311 2018 mox
330 1953 511 2034 mysterium
531 1953 642 2017 missae
666 1953 790 2033 peragit
810 1953 956 2018 studiose.
1006 2012 1008 2016 .

174 2053 244 2116 Hoc
263 2057 319 2118 ubi
334 2057 509 2136 complevit,
526 2058 606 2122 miro
628 2057 792 2137 splendore
814 2058 939 2121 refulsit
982 2109 984 2116 ,

174 2158 280 2219 Instar
303 2161 462 2238 surgentis
482 2160 598 2222 Phoebi
620 2161 715 2222 facies
736 2161 918 2236 vicedomni,
963 2174 966 2183 ·

95 2259 159 2326 425.
177 2262 247 2336 Quo
270 2265 381 2324 mentis
403 2265 556 2348 splendor,
584 2265 692 2326 lucens
713 2266 833 2326 animae
861 2285 983 2346 quoque.
1003 2265 1118 2331 candor

174 2366 252 2446 Ejus
274 2381 331 2447 pet·
351 2369 461 2428 facicm
480 2371 705 2430 monstraretur
725 2369 910 2429 rutilantem.

172 2467 255 2531 Hinc
276 2473 381 2533 astans
402 2473 542 2554 populus,
563 2471 655 2534 nimia
676 2472 837 2532 formidine
859 2474 971 2546 tactus,

126 2557 128 2561 ¹
176 2573 352 2637 Altithrcnc
373 2580 480 2656 grates
500 2576 601 2657 coepit
621 2594 768 2636 resonare
788 2577 941 2650 tonantes,

176 2675 232 2739 Cui
252 2679 369 2762 placuit
388 2683 560 2742 monstrare
580 2680 640 2741 viri
661 2680 805 2740 meritum
823 2677 1002 2740 venerandi.

16 2763 20 2772 ⁵
92 2777 159 2842 430.
176 2781 249 2864 Ipse
274 2783 405 2864 quidem,
428 2803 549 2845 sacrum
569 2787 714 2864 repetens
736 2784 883 2864 extimplo
902 2783 1054 2858 locellum,

174 2884 212 2946 In
234 2906 293 2966 quo
314 2887 457 2948 coelestis
478 2888 591 2950 donum
612 2888 724 2950 meruit
743 2887 877 2970 pictatis,

168 2988 339 3070 Frangitur
361 2991 495 3053 adversa
514 2993 634 3074 fragilis
655 2991 826 3054 valitudine
848 2990 960 3066 carnis,

173 3089 236 3155 Per
257 3096 451 3176 spatiumque
473 3097 566 3158 trium
587 3098 692 3158 morbo
715 3097 874 3157 crescente
898 3095 1026 3172 dierum,

170 3196 344 3280 Exemptus
368 3201 576 3282 corruptibilis
597 3201 636 3261 de
660 3219 785 3260 carcere
808 3198 926 3274 carnis,

91 3296 157 3362 435.
175 3300 317 3382 Spiritus,
340 3303 517 3366 aetheream
539 3304 699 3385 plaudens,
722 3304 860 3364 ascendit
882 3303 922 3364 ad
945 3302 1055 3380 aulam,

168 3405 296 3467 Auxilio
319 3410 444 3468 sanctae
467 3408 563 3469 fultus
586 3408 776 3487 domnusque
797 3406 924 3468 Mariae.

169 3509 294 3571 Scilicet
316 3511 488 3572 extinctum
509 3531 620 3593 corpus
640 3513 709 3572 nisu
730 3511 914 3594 populorum

168 3612 242 3694 Ipso
265 3614 323 3674 rite
345 3615 411 3676 loco
433 3617 602 3677 tumulatur
624 3617 739 3678 honore
761 3635 914 3696 supremo,

170 3715 208 3777 ln
233 3737 293 3797 quo
316 3726 425 3778 nactus
449 3729 516 3780 erat
537 3720 669 3796 veniam,
692 3739 784 3800 quam
805 3719 907 3781 fiendo
929 3721 1068 3802 rogabat.

90 3816 157 3880 440.
219 3821 305 3881 Talis
328 3825 396 3882 erat
418 3823 574 3905 desperati
595 3843 715 3885 necnon
738 3823 886 3886 scelerosi

172 3925 269 4001 Finis,
293 3925 345 4006 qui
364 3927 523 4009 proprium
542 3928 647 3989 didicit
669 3927 785 3990 deflere
806 3931 927 3990 reatum
