3048 4980
752 533 992 610 ...352-

447 713 653 803 Respoudcns
676 740 752 801 crgo
774 718 920 801 Gerberg
940 721 985 784 ait
1006 739 1060 784 cre
1081 720 1235 784 modesto:

447 823 588 902 „Christo
609 845 659 888 me
681 829 776 888 totam
799 826 962 902 committo,
984 843 1086 886 mecm
1107 843 1229 907 quoque
1250 827 1356 904 sitam,

447 929 570 1012 „thue
592 929 647 992 fiet
668 929 706 990 de
728 949 778 992 mc
796 930 890 1012 juxto
910 929 1031 992 Domini
1052 949 1130 1009 rogo
1152 931 1263 992 vello.‘⁴

363 1028 434 1094 360.
448 1032 507 1094 His
528 1033 572 1095 ite
594 1033 752 1115 colloquiis
773 1037 879 1096 mutuo
902 1052 1044 1096 sermone
1066 1035 1209 1116 peractis,

448 1137 612 1200 Bernhnrd
633 1157 706 1200 mox
728 1138 811 1214 abiit,
835 1155 971 1218 casuque
994 1157 1050 1200 suo
1072 1139 1133 1201 cito
1155 1139 1262 1216 sensit,

446 1241 499 1306 Nil
521 1244 628 1306 contre
648 1241 811 1304 Dominum
833 1261 1055 1323 quemcumque
1082 1243 1190 1304 volero
1212 1245 1396 1326 superbum3

447 1345 490 1408 Et
511 1345 582 1426 quia
603 1346 673 1428 plus
691 1345 776 1428 justo
799 1345 929 1426 deliquit
949 1346 1052 1408 insuia
1073 1347 1176 1423 fando,

448 1449 572 1512 Decidit
596 1449 628 1510 in
649 1450 741 1524 bello,
762 1449 865 1512 rictus
886 1451 1003 1512 virtute
1026 1469 1168 1532 superus.

364 1551 436 1617 365.
451 1553 499 1616 Ac
521 1553 636 1616 Christi
657 1555 747 1634 virgo
770 1554 875 1636 sponsi
896 1555 1040 1616 coelestis
1062 1556 1158 1617 emori

448 1657 489 1720 So
511 1679 584 1720 mox
606 1657 774 1740 conjunxit,
797 1677 889 1739 quem
910 1661 995 1720 cesto
1017 1678 1141 1740 semper
1162 1661 1284 1722 amarit

448 1761 543 1844 Cujus
564 1763 713 1845 primatus
735 1765 835 1838 sexto,
857 1763 889 1824 ni
910 1763 1011 1839 fallor,
1033 1763 1065 1824 iu
1088 1781 1168 1825 anno

446 1866 533 1928 Brun
555 1867 628 1940 dux,
653 1865 817 1928 ecclesiam
837 1869 997 1948 promptus
1020 1867 1190 1929 defendere
1212 1871 1359 1944 sanctam,

446 1971 579 2032 Incursu
602 1971 640 2031 de
663 1988 827 2032 saevorum
849 1971 924 2032 sctis
946 1969 1154 2051 Ungsriorum

361 2073 433 2140 370.
446 2075 529 2138 Proh
552 2074 653 2136 dolori
677 2093 719 2136 ex
739 2074 814 2156 ipsis
836 2074 957 2136 Domini
979 2075 1085 2156 pueris
1106 2075 1235 2138 inimicis

449 2178 615 2254 Occiditur,
636 2178 715 2239 binis
738 2197 808 2239 cum
828 2178 1023 2260 praesidibus
1044 2179 1240 2254 venerandis,

446 2281 594 2344 Omnibus
616 2283 709 2362 atque
730 2281 808 2343 viris
829 2282 972 2364 propriae
994 2283 1112 2364 pariter
1132 2283 1274 2363 legionis.

446 2387 515 2458 Quo
538 2407 611 2448 mox
633 2385 743 2461 occiso,
763 2386 867 2467 junior
889 2386 987 2448 irater
1009 2406 1084 2448 suus
1107 2385 1205 2464 Oddo,

444 2491 518 2552 Dux
538 2491 640 2552 iactus
663 2488 768 2571 populi
789 2489 868 2552 dono
890 2489 975 2569 rogis
996 2489 1181 2568 illudowici,

362 2592 434 2659 375.
449 2595 624 2676 Respondit
644 2593 734 2654 fectis
756 2596 882 2656 sanctae
903 2597 977 2656 roto
999 2593 1168 2674 genitricis,

444 2699 492 2761 Ao
516 2698 618 2761 studio
641 2695 731 2759 simili
753 2696 942 2759 concordans
969 2697 1079 2760 nititur
1100 2698 1146 2760 illi

445 2801 585 2865 Gultibus
609 2800 772 2863 ecclesium
794 2800 897 2881 dignis
920 2815 1031 2864 ornere
1052 2801 1218 2878 novellam,

446 2906 535 2978 Quae
556 2908 628 2988 post
649 2906 727 2968 hacc
749 2923 829 2966 anno
851 2905 956 2968 lucrat
977 2906 1129 2968 sacranda
1151 2906 1296 2970 secundo.

446 3008 571 3073 Moenia
594 3010 733 3073 coenobii
753 3007 886 3090 perfecit
908 3009 1008 3072 omnia
1030 3010 1138 3087 nostri,

362 3111 435 3177 380.
450 3111 615 3176 Commodo
637 3113 790 3176 mensuris
812 3111 875 3174 illic
896 3132 953 3194 per
975 3113 1078 3175 secolo
1099 3113 1220 3196 puellis.

486 3217 544 3280 His
566 3220 646 3280 bene
667 3216 826 3300 perfectis,
846 3217 939 3298 juxto
960 3221 1128 3299 praecepto
1148 3217 1286 3300 parentis

442 3320 589 3402 Eligitur,
612 3321 723 3382 domna
744 3323 891 3403 poscente
912 3320 1060 3382 videlicet
1082 3319 1158 3397 Ode,

444 3424 519 3507 Ipsa
539 3425 606 3486 dies
628 3425 743 3507 templo
765 3424 918 3504 condigno
940 3424 1170 3499 sanctificando,

444 3528 483 3591 In
506 3530 594 3612 cujus
615 3527 716 3591 noctis
736 3527 837 3590 medic
860 3529 1114 3610 quampluribus
1135 3528 1188 3590 illo

299 3665 303 3671 ·
358 3628 430 3696 385.
445 3630 550 3695 Tertio
572 3631 755 3714 conspicuae
778 3631 930 3711 quondam
952 3631 1070 3694 fulsere
1091 3632 1248 3709 lucernae,

442 3735 484 3797 Et
506 3736 587 3817 quod
607 3742 788 3797 cunctorum
810 3735 929 3817 pariter
950 3735 1130 3796 venerabile
1153 3734 1268 3798 festum

444 3837 628 3902 Sanctorum
649 3838 734 3901 resti
756 3837 860 3901 fuerat
880 3859 937 3922 per
960 3839 1082 3901 climata
1103 3839 1219 3916 mundi,

356 3978 537 3992 *an-nu·—

382 4021 605 4078 361.Bernhr²d‚
627 4020 744 4070 Bal-lab.
772 4025 1036 4084 scutrarum,
1056 4023 1127 4083 vergi.
1151 4028 1216 4072 Pur
1238 4025 1392 4068 Nordmsn-

399 4135 417 4172 ρ
447 4093 853 4148 oorum‚·.Ann.ru1d.o.880.
888 4097 1027 4147 titinnius
1048 4098 1193 4151 couniretur,
1210 4095 1252 4150 Ap.
1280 4093 1327 4140 370.
1342 4108 1390 4149 per

448 4163 656 4217 serunensis,
678 4163 717 4204 Lb.
736 4165 833 4213 nsolrll.
860 4167 906 4211 380.
922 4167 1048 4222 domins,
1069 4169 1111 4222 Ap.
1127 4181 1150 4210 u.
1170 4167 1226 4209 Lck.
1252 4165 1298 4210 380
1315 4166 1391 4218 illio,

448 4243 492 4275 von
512 4233 552 4275 Lb.
570 4233 756 4288 vorgssohlsgen.
789 4237 835 4281 ³85.
856 4237 1032 4294 conspicue,
1054 4237 1107 4282 Lok.
1142 4235 1189 4283 336.
1205 4237 1288 4292 quid,
1307 4231 1356 4291 Ap?
1370 4247 1393 4278 u.

365 4305 369 4314 ¹
447 4303 675 4360 tennerunt.
703 4301 912 4362 dstisstlffip.
1099 4317 1101 4324 ¹
