3010 4978
779 509 1018 576 -172-

756 683 1043 746 Terentianus.

380 782 452 846 Vae
471 784 570 868 patri!
591 785 645 848 ubi
666 787 827 867 agitatur?

759 888 1043 953 Christicolae.
1339 965 1347 986 α

381 990 465 1053 Ante
488 993 652 1072 sepulchra
667 992 707 1072 Ἠ)
729 997 900 1074 martyrum
916 994 935 1054 J
937 993 1065 1054 ohannis
1084 996 1116 1055 et
1129 992 1219 1054 Pauli
1237 994 1323 1056 humi
1345 1013 1412 1075 pro·

384 1095 521 1157 volvitur
543 1115 638 1176 seque
660 1095 797 1177 ipsorum
817 1099 961 1177 precibus
984 1096 1120 1176 torqueri
1142 1098 1267 1159 fatetur.

754 1200 1036 1262 Terentianus.

382 1298 455 1361 Mea
477 1301 576 1382 culpe,
598 1321 701 1364 meum
722 1304 857 1381 facinus3
884 1322 955 1364 uam
977 1322 1045 1365 meo
1066 1303 1205 1378 hortatu,
1234 1323 1303 1364 meo
1323 1303 1413 1384 jussu

382 1403 449 1486 ipse
470 1404 584 1466 infelix
602 1405 709 1487 impias
731 1425 840 1470 manus
860 1407 893 1466 in
915 1409 1039 1468 sanctos
1059 1409 1213 1486 martyres
1234 1407 1327 1468 misit.

751 1508 1038 1572 Christicolae.

380 1605 414 1668 si
436 1610 466 1670 te
489 1608 632 1672 hortante
655 1611 793 1692 deliquit,
815 1616 847 1673 te
869 1613 1073 1693 compatiente
1095 1630 1212 1692 poenas
1234 1611 1300 1673 luit.

750 1715 1029 1778 Terentianus.

382 1811 451 1892 Ego
474 1816 597 1896 quidem
617 1817 711 1882 miser
723 1817 763 1900 ⁷⁸)
786 1821 876 1900 parui
894 1820 989 1901 jussis
1016 1816 1187 1900 impiissimi
1217 1814 1412 1900 imperatoris

380 1916 502 1980 Juliani

751 2006 1034 2070 Christicolae.

379 2105 455 2167 Ideo
477 2126 609 2188 namque
630 2109 698 2190 ipse
721 2110 826 2172 divina
847 2112 1009 2194 perculsus
1022 2110 1063 2192 ql)
1087 2113 1135 2171 est
1154 2111 1279 2173 ultione.

755 2213 1038 2276 Terentianus.
1109 2249 1112 2256 ·

382 2311 451 2373 Scio
474 2331 571 2392 eoque
593 2316 693 2394 magis
715 2337 865 2398 expaveo,
888 2339 947 2398 quo
977 2320 1096 2382 nullum
1123 2317 1244 2380 hostem
1264 2315 1327 2378 Dei
1350 2333 1411 2375 ser·

378 2435 489 2477 vorum
509 2416 692 2499 impunitum
715 2421 853 2482 evasisse
876 2422 1051 2484 meminero.

768 2521 1028 2585 Christicani.

378 2602 486 2665 Recte.

752 2695 1032 2756 Terentianus.

381 2792 471 2867 Quid,
492 2793 517 2854 si
539 2813 662 2857 curram
677 2796 717 2878 ⁸⁰)
741 2801 772 2859 et
793 2799 955 2880 poenitens
978 2796 1106 2858 sceleris
1127 2796 1223 2857 sacris
1244 2795 1412 2877 provolvar

379 2897 528 2958 tumulis?

750 2984 1041 3047 Christicolae.

382 3083 512 3145 Veniam
534 3087 711 3164 mereberis,
735 3089 761 3148 si
779 3091 884 3150 tamen
904 3090 1087 3169 baptismate
1108 3087 1314 3149 mundaberis.

818 3210 998 3218 ——·=.-.-.—4--⁴

752 3295 1031 3356 Terentianus.

384 3393 517 3458 Gloricsi
550 3398 649 3458 testes
683 3394 812 3472 Christi,
846 3398 1003 3460 Jchannes
1040 3399 1072 3457 et
1103 3396 1216 3471 Paule,
1252 3393 1411 3457 imitamini
1492 3449 1493 3476 ,

383 3499 560 3580 exemplum
581 3499 729 3578 magistri,
754 3501 863 3560 eadem
888 3499 1034 3579 jubentis,
1066 3501 1097 3560 et
1120 3500 1205 3560 orate
1227 3519 1282 3580 pro
1305 3518 1410 3579 perse·
1492 3489 1493 3512 ¹

381 3605 520 3662 outorum
535 3602 664 3663 delictis.
701 3602 777 3663 Este
793 3602 1013 3688 compatientes
1027 3603 1127 3662 orbati
1142 3601 1238 3684 patris
1250 3600 1410 3682 angustiis,

380 3708 411 3764 et
440 3704 645 3765 misereamini
674 3705 816 3766 furientis
848 3705 913 3767 uati
941 3703 1089 3779 miseriis,
1113 3724 1173 3784 quo
1195 3705 1293 3777 ambo,
1323 3702 1410 3764 tincti
1491 3751 1492 3756 ,

378 3806 465 3869 tonte
487 3808 687 3889 baptismatis,
703 3809 743 3891 ⁸¹)
766 3827 1004 3892 perseveremus
1026 3807 1057 3868 in
1079 3806 1141 3900 fide
1164 3809 1289 3870 sanotae
1313 3805 1410 3868 Triui-

376 3911 449 3972 tatis
460 3914 467 3972 !

377 4032 558 4041 ——.—-——

404 4079 653 4133 'lllsepulchruur²
675 4081 698 4122 C.
718 4097 739 4125 u.
764 4082 786 4123 S.
815 4081 1026 4136 tsrmrsersellt
1046 4082 1067 4121 lu
1087 4081 1119 4132 0.,
1143 4078 1166 4123 S.
1186 4093 1209 4121 u.
1234 4078 1280 4131 Mg.
1302 4079 1340 4131 79)
1357 4089 1410 4130 per·
1490 4123 1491 4140 χ

457 4161 574 4202 cussus,
591 4149 616 4194 C.
639 4163 663 4196 u.
683 4150 707 4194 S.
734 4152 900 4206 8⁰]ouruur‚
921 4150 945 4196 S.
971 4152 1009 4204 ti]
1025 4150 1217 4203 baptimatis,
1241 4148 1272 4192 M.
1294 4160 1316 4192 u.
1339 4159 1411 4201 urspr.

454 4218 511 4260 aureli
526 4219 551 4260 P.
