3022 4982
492 504 708 572 ...Π-

179 679 311 757 „Omnia
328 682 444 764 jndicio
467 683 520 763 qui
541 683 601 746 sois
623 684 801 746 discernere
819 684 913 768 justo,

177 785 294 861 „Istius
315 787 459 850 meritum
480 787 580 850 sancti
601 788 651 850 fae
672 788 746 868 igne
768 790 901 870 probari,

178 888 248 966 „Eu
271 891 298 952 si
319 893 360 953 sit
381 895 486 954 tantae
508 892 605 954 fultus
626 892 771 954 bonitatis
793 893 925 970 honore,

174 994 272 1077 „Ejus
294 999 329 1058 ut
352 1017 392 1058 cx
414 997 532 1059 meritis
555 996 667 1058 fierent
688 998 766 1058 haee
789 998 868 1060 dona
890 999 1007 1076 salutis,

92 1094 160 1160 395.
178 1098 323 1176 „Frontis
345 1101 520 1183 pelliculam
542 1102 635 1164 facito
657 1121 719 1164 non
740 1105 872 1181 tangere
893 1102 1055 1178 flammam,

177 1203 332 1279 „Verticis
355 1205 478 1268 illaesos
501 1225 606 1266 omnes
630 1225 750 1287 qnoque
773 1207 869 1268 redde
892 1207 1045 1290 capillos3‘

176 1306 251 1382 „Sin
272 1328 348 1370 vero
370 1309 471 1372 meriti
494 1313 615 1372 constet
636 1311 768 1372 sortasse
791 1311 925 1386 minoris,

174 1410 308 1486 „Mandu
329 1433 385 1494 pro
408 1413 496 1494 signo
519 1415 621 1475 saltim
641 1415 723 1476 laedi
745 1418 815 1476 oute
838 1435 964 1490 summa,

179 1513 293 1591 „quta
316 1521 459 1580 naturam
479 1519 599 1598 fragilis
623 1520 724 1580 carnis
745 1520 943 1602 perituram.“

95 1615 162 1681 400.
178 1619 265 1682 Talia
288 1622 435 1699 dieentes,
459 1624 576 1684 clarum
599 1626 691 1704 caput
713 1623 786 1703 igne
808 1624 1000 1706 probandum

175 1723 314 1788 Credunt
335 1727 545 1789 flammivomis
568 1728 678 1788 saltem
700 1729 899 1806 surgentibus
921 1729 1011 1790 undis

176 1828 217 1892 Et
238 1831 364 1892 tandem
386 1833 497 1914 plenae
520 1831 653 1912 spatium
675 1835 745 1912 post
766 1833 857 1893 unius
879 1832 973 1894 horae

176 1931 244 1996 Hoc
266 1935 366 2016 ipsum
386 1937 500 2018 rapidis
525 1937 679 1998 extollunt
700 1936 833 2016 denique
857 1937 994 2012 flammis,

175 2035 359 2101 Lustrantes
382 2041 492 2116 oculis,
516 2040 681 2122 dampnum
703 2040 862 2101 ferretne
886 2041 1010 2116 caloris,

98 2137 161 2202 405.
178 2141 270 2213 Quod
289 2147 353 2226 jam
376 2145 567 2226 splendidius
590 2165 668 2227 puro
689 2143 867 2205 radiaverat
889 2162 972 2219 auro,

172 2245 295 2329 Expers
318 2249 436 2310 ardoris
458 2249 581 2331 penitus
603 2249 743 2328 tantique
765 2247 885 2308 caloris.

173 2349 254 2414 Hine
276 2373 399 2412 sursum
419 2353 519 2414 versis
542 2352 680 2420 laudavit
702 2354 792 2413 turba
814 2351 914 2414 fidelis

174 2453 319 2518 Vultibus
341 2456 541 2518 altithronum
561 2457 731 2517 modulanti
752 2456 886 2516 carmine
911 2453 1075 2532 Christum,

175 2556 236 2628 Qui
258 2559 350 2620 toties
371 2561 465 2621 tantis
488 2561 561 2622 fecit
584 2560 803 2641 splendescere
826 2560 922 2640 signis

97 2656 159 2721 410.
172 2661 339 2742 Fragmina
361 2665 539 2738 constantis,
561 2685 617 2746 pro
641 2683 710 2724 sese
732 2667 860 2739 mortua,
882 2664 979 2725 testis.

173 2764 261 2828 Haeo
284 2771 316 2829 et
336 2768 492 2830 mausoleo
516 2768 608 2848 digne
632 2768 767 2829 condens
789 2769 977 2844 venerando,

170 2869 270 2950 Digne
292 2874 436 2953 percerte
458 2873 592 2955 supplex
613 2875 783 2934 veneratur
804 2873 929 2948 honore,

168 2975 338 3038 Finetenus
359 2977 468 3038 merito
490 2977 586 3056 vulgo
608 2980 687 3039 bene
710 2978 836 3038 credula
859 2978 923 3040 noti

169 3077 305 3142 Coclitus
328 3084 420 3162 atque
443 3081 506 3142 dati
528 3101 650 3164 semper
672 3081 781 3162 gavisa
802 3083 933 3163 patroni.

94 3233 264 3248 Ἢ

118 3314 343 3375 tdldlscsrcre,
359 3319 507 3372 nutem
520 3333 582 3374 unp.
597 3319 622 3362 Ρ.
656 3321 703 3364 392.
721 3319 824 3374 llllus,
842 3317 941 3366 (Lus.
973 3317 1115 3365 hundru-

183 3393 316 3444 mivorul,
335 3391 386 3447 ‚m.;
407 3404 450 3432 von
465 3392 489 3436 P.
506 3392 535 3432 lot
550 3393 585 3432 stu
616 3390 829 3444 shinrtneonlgirt.
856 3389 904 3435 tto.
919 3390 1003 3444 Expers
1019 3392 1113 3434 odoris

172 3461 196 3503 c.
210 3475 230 3503 n.
248 3461 271 3502 S.
299 3462 345 3505 ru.
361 3461 525 3515 mauseolo,
540 3459 565 3506 c.
579 3459 633 3502 rus
