3010 4978
473 531 712 604 -123-

167 706 257 782 Quod
280 708 407 794 pepigit,
429 713 562 794 poctnm,
585 711 674 794 signo
695 713 768 776 fidei
788 713 966 781 stabilitum.

167 811 225 876 Cui
246 833 384 896 praeses,
406 835 536 898 pravam
556 837 680 879 mireum
700 837 856 880 renovans
878 819 1045 896 suadelam,

88 912 151 980 155.
166 917 269 981 omit:
290 921 337 994 „si
357 940 433 982 vere
455 921 561 1004 cupias
582 922 697 982 intacta
718 939 844 984 manere

163 1021 292 1102 „Virgo
314 1023 392 1086 dees
413 1043 546 1104 magnae
567 1025 656 1086 ritino
678 1027 868 1108 subjungere
892 1025 1021 1101 Vestae,

166 1123 262 1206 „Ejus
284 1127 441 1190 sacricolis
464 1131 496 1191 et
517 1129 693 1191 consociare
715 1131 837 1212 puellis,

167 1227 256 1304 „Quo
279 1230 431 1310 condigne
452 1232 509 1294 iias
530 1232 575 1294 illi
597 1251 719 1318 semper
739 1234 909 1296 amomis

210 1330 300 1394 Haec
320 1334 420 1414 inquit
441 1355 576 1418 praeses,
599 1342 708 1400 corma
729 1339 785 1398 sed
807 1338 852 1399 sio
873 1338 917 1400 eit
937 1336 1062 1417 Agnes:

89 1430 149 1496 160.
165 1434 219 1512 „si
239 1437 314 1498 mihi
332 1439 404 1518 jure
425 1441 513 1504 tuum
534 1441 651 1522 placuit
671 1444 889 1523 contempnere
912 1445 1027 1514 notum,

163 1539 245 1615 „Qui
266 1541 386 1604 ratione
409 1543 529 1623 uigens,
551 1545 671 1606 cunctis
693 1565 814 1626 qnoque
836 1544 978 1604 sensibus
1001 1543 1093 1606 utens

164 1641 356 1725 „corporeis
380 1647 480 1708 enima
503 1648 623 1726 regitur
646 1667 812 1728 numquam
832 1648 989 1723 moriture,

164 1745 332 1820 „Quamvis
355 1749 396 1810 sit
416 1751 524 1812 merito
546 1753 671 1818 baratro
694 1753 884 1814 claudendus
905 1752 937 1812 in
958 1751 1018 1812 imo

164 1849 289 1924 „Multis
312 1870 452 1915 errorum
473 1874 529 1935 pro
552 1856 719 1917 commissis
742 1856 906 1928 variorum,

89 1947 152 2012 165.
167 1952 232 2028 „lli
255 1973 364 2016 eanum
385 1957 509 2037 sepiens
532 1961 564 2019 et
585 1960 832 2040 quandoquidem
853 1957 1054 2040 resipiscens,

167 2055 227 2130 „Se
247 2057 358 2138 tingui,
381 2060 483 2135 faciat,
505 2081 585 2142 pura
606 2063 798 2144 baptismatis
820 2062 911 2135 unda,

166 2159 264 2233 „Quis
285 2165 318 2222 te
340 2182 432 2243 posse
454 2164 552 2241 minis,
575 2167 627 2227 vel
649 2167 718 2246 quis
740 2166 865 2228 tandem
888 2165 1024 2228 suadelis

166 2263 234 2338 ,md
255 2265 489 2330 simulacrorum
509 2270 588 2332 reris
610 2290 659 2330 me
682 2290 795 2350 cogere
817 2271 942 2345 cultum,

165 2366 344 2439 „Artificum
366 2389 448 2448 cura,
470 2391 561 2452 quse,
583 2375 771 2436 conformata
785 2374 917 2448 metallo,

90 2464 154 2530 170.
170 2469 397 2544 „Membrorum
418 2475 529 2538 falsam
548 2480 673 2560 portant
694 2479 881 2540 solummodo
903 2479 1041 2552 formam,

165 2573 306 2649 „Mobilis
330 2578 462 2640 officium
484 2582 638 2662 complent
657 2601 716 2642 nec
728 2582 873 2662 corporis
894 2582 999 2656 ullum,

165 2677 292 2758 „Neque
315 2701 405 2742 sunm
427 2684 500 2763 quid
522 2685 657 2746 viventis
680 2689 853 2746 monstrant
873 2685 1022 2746 animalis.

169 2779 228 2855 „Et
250 2783 332 2861 quod
354 2786 392 2846 ab
414 2786 462 2846 hie
484 2788 649 2849 insensatis
671 2790 876 2868 monstrisque
898 2787 1036 2870 profanis

166 2883 330 2959 „Solamen
351 2888 435 2950 vitae
457 2892 594 2953 mihimet
615 2890 742 2972 sperare
766 2894 924 2971 gerendae

93 2980 153 3047 175·
168 2986 325 3068 „Possum
348 3011 428 3071 qnae
449 2994 515 3055 vita
537 3015 693 3076 sensuque
715 2996 852 3056 carentia
874 2997 992 3068 cuncto,

165 3091 250 3167 „Neo
273 3094 331 3154 sibi
352 3097 532 3176 proficiunt,
554 3099 627 3160 mihi
648 3119 707 3160 neo
729 3117 912 3160 succurrere
934 3097 1063 3178 possunt
1071 3096 1107 3157 ?“

163 3193 251 3256 Haeo
273 3196 326 3258 ubi
347 3199 429 3262 dicta
452 3202 545 3276 dedit,
568 3221 695 3283 praeses
719 3201 931 3282 Simphronius
953 3200 1065 3279 inquit:

163 3298 362 3373 „Florentem
383 3304 490 3383 primis
511 3309 543 3366 te
565 3323 636 3366 nam
659 3325 810 3383 cognosco
833 3306 889 3365 sub
913 3303 1010 3378 anuis,

166 3402 319 3482 „Ingenio
341 3425 470 3486 parvam
491 3429 611 3470 necnon
633 3413 735 3470 aetate
758 3408 914 3483 tenellam,

92 3499 150 3564 180.
164 3506 265 3581 „Hinc
286 3509 421 3572 infantili
441 3513 596 3592 parcendo
620 3512 807 3592 simplicitati

163 3611 358 3685 „Prudenter
380 3619 411 3675 te
433 3617 589 3698 subporto,
611 3616 729 3678 lasciva
751 3616 864 3697 puella,

102 3798 271 3811 ῃ

111 3916 149 3960 leo.
172 3919 280 3972 rilint,
299 3920 466 3975 underrtlielree,
487 3922 537 3962 den
558 3922 700 3964 ciilrnlielree
721 3935 736 3975 r,
751 3922 793 3974 Μ.;
819 3923 923 3974 eitius,
942 3923 975 3974 P,
1003 3921 1027 3962 (l.
1045 3934 1066 3962 u.
1081 3919 1105 3962 S.

171 3987 210 4030 163.
227 3988 423 4042 damnandus,
439 3991 472 4047 ὓς
488 3991 687 4043 claudendus,
701 3991 915 4032 uussirllenderweise
935 3991 991 4031 auch
1007 3989 1030 4030 S.
1063 3991 1105 4030 166.

169 4057 260 4110 tingi,
276 4058 310 4110 P,
326 4059 350 4099 C.
365 4059 420 4100 u.S.
456 4062 499 4104 167.
519 4062 617 4113 rrinrls,
632 4061 663 4101 M.
698 4065 742 4104 lli.
758 4059 935 4114 eorpus,M.;
957 4059 981 4100 P.
1003 4058 1106 4110 corriglrt

165 4126 343 4178 tricorporis.
369 4128 508 4183 ·1'12.SeP;
530 4131 551 4170 in
567 4131 597 4170 Μ.
613 4132 642 4170 ist
656 4131 767 4170 zwisclren
782 4131 858 4181 Neque
873 4129 918 4170 sind
940 4130 1034 4168 vunnu:
1056 4127 1105 4166 tine

168 4195 246 4248 Ruur,
261 4197 305 4239 uurd
320 4208 354 4236 sm
366 4197 441 4240 Rsnde
457 4211 500 4240 erin
514 4200 553 4240 der
562 4200 626 4244 llend
640 4200 679 4242 des
688 4199 777 4244 celtes:
791 4199 825 4240 Et
839 4209 911 4253 neque
928 4197 1022 4240 viventis
1033 4196 1105 4252 qrrle·

168 4277 266 4322 quem;
282 4269 366 4310 elisseo
383 4268 405 4310 S.
