3022 4982
784 585 827 599 ...
871 545 999 615 54,-

373 727 446 799 305.
460 731 527 795 Non
553 729 651 793 solum
673 727 789 811 patrios
812 727 954 788 hortatur
974 743 1084 808 nempe
1109 706 1239 802 colonos,

482 833 583 908 'Quis
606 833 730 914 fungier
753 829 832 894 don'o
855 831 984 912 contigit
1005 831 1164 913 aurivago,
1343 813 1368 820 ..

460 939 523 1003 Sed
545 957 665 1020 quoque
686 935 881 1017 languidulos
904 935 945 1018 de
964 935 1132 1019 longinquo
1155 935 1349 1018 peregrinos,

502 1041 646 1124 Undique
670 1039 824 1114 collectos,
847 1039 1023 1100 accelerare
1047 1041 1131 1115 citos,

463 1145 504 1209 Et
525 1145 610 1208 nullo
632 1144 731 1227 pretio
753 1143 922 1204 medicinae
945 1160 1067 1206 sumere
1090 1143 1180 1219 dona,

375 1248 446 1315 310.
507 1247 668 1314 Gustando
690 1249 810 1310 tantum
832 1247 970 1309 fonticuli
992 1247 1152 1310 modicum.

415 1435 420 1446 .
462 1353 608 1417 Crebrius
630 1325 777 1413 ineditam
797 1351 905 1412 videas
928 1353 1131 1433 procumbere
1154 1353 1291 1428 turbam,

507 1457 694 1521 Volrentem
715 1455 852 1516 membra
872 1453 962 1517 libore
985 1455 1172 1538 languidula,

463 1561 506 1628 Ut
527 1562 627 1645 possis
648 1561 743 1622 variis
756 1559 907 1622 obsessos
930 1559 1058 1621 credere
1081 1561 1193 1622 morbis
1222 1569 1226 1580 ·

408 1733 411 1740 ,
501 1665 606 1728 Affore
629 1661 749 1726 Judaioi
769 1662 963 1745 languidulos
984 1664 1098 1748 populi,

380 1766 452 1833 315.
469 1769 530 1840 Qui
553 1769 714 1850 quondam,
738 1767 838 1849 quinis
859 1769 890 1830 in
913 1771 1080 1851 porticibus
1104 1769 1276 1831 Salomonis

468 1895 471 1902 ·
512 1869 597 1947 Fusi,
620 1871 756 1954 piscinae
780 1873 865 1935 obice
886 1871 1083 1949 Bethsaidae,

463 1967 639 2051 Certabant,
661 1975 779 2038 medico
801 1977 958 2060 lympham
981 1979 1124 2039 turbante
1148 1997 1291 2060 superno,

497 2067 639 2143 ‘Primule
662 2079 729 2164 quis
750 2081 873 2143 morbos
896 2083 1036 2143 ablueret
1057 2081 1170 2157 varios,
1218 2135 1221 2142 ,

460 2183 548 2266 Lege
571 2183 694 2266 quidem
716 2185 868 2248 tali'miro
891 2181 947 2247 sub
970 2187 1053 2247 sorte
1075 2185 1171 2268 potitl,

374 2287 445 2352 320.
503 2289 546 2353 Ut
568 2308 641 2350 mox
661 2287 789 2371 sslepsus
811 2291 942 2350 exueret
964 2289 1107 2364 dedecus,

460 2393 604 2456 Pluribus
626 2391 658 2454 in
680 2393 780 2454 lucem
803 2394 960 2475 suspensis
983 2413 1078 2473 aegre
1102 2393 1292 2474 sequenicm,

508 2484 570 2568 uui
591 2517 647 2580 pro
671 2515 725 2578 spe
740 2493 831 2558 ¹uitae
854 2497 1027 2577 efflagitant
1049 2498 1148 2572 avide,

464 2600 507 2665 ut
528 2600 639 2682 raptim
661 2600 808 2676 medicus,
831 2621 944 2683 supero
967 2599 1005 2662 de
1030 2599 1155 2662 cardine
1177 2597 1292 2683 lapsus,

507 2699 662 2766 Turbaret
682 2705 831 2765 modicam
852 2705 904 2765 rel
926 2701 1005 2787 pede
1027 2705 1216 2786 piscinulam.

366 2805 447 2872 325.
465 2806 551 2870 Haut
573 2808 649 2869 alias
670 2807 722 2869 isti
739 2803 875 2890 cupiere,
899 2807 1006 2869 salutis
1029 2807 1124 2883 avari,

504 2907 649 2990 Tangere
670 2911 723 2972 uel
745 2913 865 2990 guttam
886 2911 1026 2974 fonticuli
1047 2910 1208 2988 minimam,
1263 2905 1267 2912 ’

461 3013 510 3090 m,
534 3017 629 3096 gustu
650 3013 747 3096 primo
769 3015 870 3077 veteri
893 3017 1024 3078 sanitate
1047 3019 1182 3098 recepta,

420 3113 423 3122 ’
501 3115 671 3182 Pulsebant
694 3119 759 3180 odis
782 3117 885 3180 sidera
907 3119 1080 3195 dulcisonis

459 3222 572 3286 Grates
595 3241 650 3305 pro
673 3225 758 3285 tanto
780 3223 947 3284 reddentes
970 3245 1096 3286 munere
1121 3221 1251 3299 Christo,

375 3325 447 3392 330.
506 3325 569 3399 uui
592 3327 689 3390 sancti
711 3327 828 3388 meritis
851 3331 940 3409 grata
964 3327 1048 3389 dedit
1069 3327 1197 3389 miseris.
1361 3407 1368 3414 ι

458 3430 617 3494 Laudibus
639 3451 737 3514 oeque
759 3433 861 3494 rtrum
882 3433 995 3496 tollunt
1017 3452 1111 3514 super
1123 3431 1251 3494 aethera
1263 3432 1401 3518 dignum,

460 3529 465 3536 ’
486 3531 602 3626 ’,Τειηῐα
622 3535 672 3623 sui
694 3553 787 3597 causa
808 3535 889 3617 quod
910 3537 1040 3598 tenuere
1061 3533 1151 3599 bona.

459 3637 492 3702 Si
513 3637 616 3714 vacet,
639 3639 785 3722 aequales
806 3637 924 3702 meritis
945 3641 1132 3724 protendere
1154 3637 1263 3704 laudes

365 3737 411 3778 [⁹⁵
431 3735 465 3756 ”
484 3737 545 3805 'm
565 3739 667 3805 mores
689 3741 766 3805 tanti
789 3742 933 3826 egregios
956 3743 1067 3821 duculi,

363 4189 378 4248 Ι;
397 4207 553 4268 minui,
575 4209 600 4253 c.
622 4222 644 4252 u.
663 4209 689 4252 S.
714 4174 760 4256 dli·
775 4215 872 4266 quiris
889 4215 1055 4268 luportlelbus,
1070 4213 1095 4258 G.
1115 4225 1139 4254 u.
1161 4213 1184 4255 S.
1211 4213 1259 4256 sm.
1278 4213 1399 4267 alume·
1497 4153 1498 4197 1

476 4291 499 4324 u.
520 4277 543 4322 S.
571 4279 616 4338 ³¹22,
634 4281 720 4338 eoldus,
735 4281 758 4322 c.
774 4293 796 4328 u.
810 4281 834 4328 Β,
847 4283 894 4332 ³29.
909 4293 1001 4338 mirus,
1017 4282 1202 4338 Maltemtglrl
1213 4282 1236 4324 ln
1248 4289 1374 4327 neuere.
