3068 4986
771 543 1010 613 ..293-

367 723 417 788 nis
451 723 681 804 relinquerent,
709 721 762 784 vel
791 722 961 784 carnalium
994 719 1138 784 affectum
1166 720 1407 806 propinquorum

367 829 606 910 postponerent,
637 828 787 888 centenae
815 826 1028 888 vicissitudine
1050 827 1204 888 mercedis
1225 845 1405 908 recompen-

370 931 436 994 sari
457 934 489 993 et
511 932 658 992 aeternae
679 929 821 992 bravium
831 929 873 1011 ⁸⁶)
899 930 983 992 ritae
1014 930 1128 992 debere
1158 931 1283 992 donari:
1312 931 1406 1012 hujus

368 1025 426 1118 ¹spe
445 1033 580 1096 animata
594 1034 744 1116 promissi,
762 1033 831 1108 feci,
847 1032 928 1114 quod
939 1033 1067 1114 jussisti,
1087 1037 1196 1116 sponte
1213 1033 1359 1096 omittens
1366 1033 1406 1115 66)

367 1139 498 1215 soboles,
526 1157 603 1220 quas
632 1137 747 1220 peperi.
790 1136 881 1201 Unde
911 1138 945 1198 tu
967 1137 1017 1218 pie
1038 1137 1190 1220 promissa
1211 1139 1337 1200 solvere
1360 1158 1400 1200 ne

367 1243 514 1318 moreris,
548 1242 603 1303 sed
632 1241 698 1317 fac,
727 1260 776 1301 me
805 1240 1002 1322 quantocius,
1043 1241 1215 1304 absolutam
1247 1241 1406 1324 corporeis

369 1345 512 1428 vinculis,
543 1365 585 1408 ex
613 1343 791 1426 receptione
820 1344 952 1406 filiarum
979 1343 1156 1420 laetificari,
1186 1362 1262 1426 quas
1291 1365 1352 1426 pro
1374 1348 1406 1408 te

370 1449 551 1512 mactandas
574 1449 721 1511 obtulisse
742 1468 805 1510 non
828 1447 941 1524 distuli,
972 1467 1040 1528 quo,
1063 1450 1095 1508 te
1117 1448 1177 1509 illis
1200 1467 1317 1532 agnum
1333 1447 1407 1511 Vir-

369 1553 450 1632 ffl'nis
473 1552 673 1632 sequentibus
703 1555 736 1614 et
763 1573 877 1614 novum
907 1553 1060 1614 canticum
1080 1551 1319 1628 modulantibus,
1346 1573 1406 1633 ego

366 1657 519 1738 jocunder
541 1656 693 1717 audiendo
715 1657 897 1736 illarumque
919 1656 1068 1718 laetificer
1096 1656 1204 1736 gloria,
1233 1657 1273 1732 et,
1297 1676 1406 1736 quam-

369 1760 417 1821 vis
449 1779 511 1820 non
541 1759 655 1841 possim
689 1760 842 1822 canticum
871 1759 1058 1838 virginitatis
1092 1759 1205 1834 dicere,
1237 1763 1269 1821 te
1299 1763 1406 1822 tamen

370 1881 440 1922 cnm
463 1862 524 1924 illis
545 1881 667 1924 merear
689 1863 889 1926 aeternaliter
912 1863 1049 1938 laudare,
1077 1863 1129 1944 qui
1156 1883 1217 1926 non
1239 1863 1321 1946 ipse,
1356 1867 1408 1946 qui

370 1951 481 2039 Peter,
511 1967 567 2026 sed
595 1966 675 2026 idem
707 1987 750 2042 es,
777 1967 859 2046 quod
888 1965 999 2042 Pater,
1032 1986 1101 2028 cum
1130 1988 1190 2048 quo
1224 1970 1256 2029 et
1286 1967 1405 2050 Spiritu

373 2073 480 2132 sancto
501 2089 582 2132 unus
612 2069 752 2136 dominus
773 2071 986 2134 universitatis
1015 2091 1157 2152 unusque
1186 2092 1246 2133 rex
1268 2092 1407 2134 sommae

372 2157 404 2234 et
425 2173 544 2233 mediae
567 2176 660 2254 atque
689 2174 768 2234 imae
797 2174 925 2238 rationis
957 2194 1072 2256 regnas
1102 2179 1134 2236 et
1161 2175 1327 2237 dominaris
1351 2197 1407 2260 per

370 2277 610 2340 interminabilia
630 2277 801 2341 inmortalis
824 2277 894 2340 aevi
916 2279 1051 2340 saecula
1373 2278 1380 2286 '

774 2379 993 2444 Matronae.

374 2481 512 2566 Suscipe,
534 2481 672 2548 Domine.
716 2483 825 2546 Amen.

398 2723 438 2777 65)
455 2722 570 2779 arula,
586 2722 621 2778 0.,
636 2721 660 2768 S.
674 2735 697 2766 u.
712 2723 759 2782 Mg.
786 2725 826 2780 66)
840 2725 987 2779 antinous,
1003 2725 1029 2769 c.
1043 2737 1067 2770 n.
1081 2723 1106 2767 S.

583 2805 605 2834 ι
