3048 4980
788 521 1028 592 -290-

857 699 965 784 Spes.

392 803 531 890 Vulpina
551 803 661 870 fraude
682 803 819 888 loqueris
842 808 874 868 et
894 805 1055 890 versipelli
1065 807 1186 884 astutia,
1208 805 1418 888 Antiocho,⁴³)

392 911 538 974 adularis

795 995 1031 1060 Antiochus

393 1100 538 1180 Quiesce,
560 1100 680 1179 infelix,
700 1101 875 1164 verbositas
896 1105 952 1164 tua
972 1121 1056 1166 nunc
1076 1104 1126 1164 est
1147 1101 1291 1166 finienda.

853 1203 962 1289 Spes

391 1310 480 1390 Non,
500 1313 537 1376 ut
558 1323 684 1394 werna,
713 1309 871 1387 evenerit,
893 1311 951 1375 sed
972 1310 1028 1374 tibi
1047 1311 1164 1394 tuoque
1187 1311 1322 1396 principi
1343 1331 1424 1374 nunc

393 1416 487 1480 etiam
508 1415 647 1479 conlusio
669 1413 777 1477 aderit

789 1518 1033 1580 Hadrianus.

394 1622 477 1695 Quid
499 1625 598 1686 sentio
620 1639 721 1686 nouae
741 1621 937 1686 dulcedinis?
961 1621 1045 1694 Quid
1067 1622 1178 1688 odoror
1189 1621 1234 1704 ⁴⁴)
1250 1624 1424 1707 stupendae

393 1726 579 1791 suavitatis?

855 1811 962 1896 Spes.

392 1916 576 1980 Decidentia
599 1917 701 1981 frusta
710 1916 755 1998 ⁴⁶)
776 1917 837 1979 mei
857 1917 987 1978 lacerati
1009 1917 1145 2006 corporis
1179 1917 1255 1981 dant
1282 1919 1425 2000 fragran-

393 2022 537 2105 tiam⁴⁵¹)
559 2021 744 2105 paradisiaci
765 2020 926 2097 aromatis,
957 2041 1017 2104 que
1039 2022 1149 2083 nolens
1172 2023 1293 2102 cogeris
1326 2025 1425 2101 fateri,

392 2147 443 2192 me
463 2147 527 2204 non
548 2147 640 2210 posse
662 2125 819 2210 suppliciis
840 2125 930 2187 laedi.

785 2227 1029 2292 Hadrianus.

393 2334 555 2412 Antioche,
578 2334 652 2417 quid
673 2333 755 2397 enim
776 2332 850 2394 mihi
873 2336 921 2395 est
942 2331 1121 2413 agendum?

793 2435 1027 2501 Antiochus.

393 2543 493 2616 Novis
515 2543 702 2608 cruciatibus
723 2541 969 2606 incumbendum.

789 2643 1029 2708 Hadrianus.

393 2751 536 2815 Aeaeum
562 2771 636 2829 vas,
665 2752 792 2835 plenum
820 2749 887 2811 oleo
918 2752 950 2812 et
978 2749 1087 2832 adipe,
1122 2769 1194 2812 cera
1223 2754 1318 2834 atque
1348 2753 1426 2836 pice,

393 2855 517 2937 ignibus
540 2857 777 2940 superponatur,
798 2853 830 2916 in
853 2853 935 2934 quod
956 2853 1054 2932 ligata
1075 2854 1251 2935 proiciatur.

791 2957 1025 3022 Antiochus.

395 3063 428 3126 si
449 3064 481 3125 in
500 3065 552 3146 jus
574 3063 708 3126 Vulcani
729 3063 880 3138 tradetur,
902 3061 1033 3124 forsitan
1055 3061 1207 3124 evadendi
1228 3063 1348 3124 aditum
1366 3084 1427 3127 non

377 3167 598 3230 nanciscetur.
610 3167 651 3249 ⁴⁶)
969 3237 972 3242 ,

858 3251 967 3334 Spes

394 3355 483 3418 Haeo
510 3357 611 3420 uirtus
641 3355 762 3418 Christo
791 3377 853 3418 non
884 3359 932 3420 est
958 3355 1098 3431 insolita,
1133 3358 1168 3418 ut
1195 3357 1303 3437 ignem
1333 3357 1427 3419 iaciat

393 3461 566 3537 mitescere,
588 3462 706 3524 mutata
727 3463 848 3522 natura.
986 3527 989 3532 .

786 3562 1027 3625 Hadrianus.

395 3665 479 3738 Quid
500 3665 600 3744 audio,
622 3666 784 3743 Antioche,
806 3667 894 3728 velut
915 3667 1049 3728 sonitum
1069 3665 1248 3729 inundantis
1268 3670 1397 3748 aquae?

792 3769 1028 3835 Antiochus.

392 3854 476 3933 Heu,
498 3855 569 3934 heu,
592 3855 728 3920 dominel

786 3941 1029 4006 Hadrianus.

394 4026 477 4098 Quid
499 4028 628 4109 contigit
648 4028 759 4092 nobis?

404 4173 699 4253 ''maneronta-ca.
716 4197 741 4240 ὃ.
771 4196 1049 4253 dd)ador.o‚.0.u.S.
1075 4161 1255 4253 distraetus,
1269 4197 1384 4254 1²‚‚c.u.
1401 4199 1427 4247 S.

470 4265 529 4323 aa)
544 4267 748 4338 flagrantiam,
761 4267 793 4311 Μ,
820 4265 1092 4324 commeruerat,
1106 4265 1137 4310 ld.
1151 4279 1176 4316 ιι.
1190 4267 1216 4316 P,
