3006 4980
204 1015 207 1022 ’
254 989 411 1088 Partibus
434 1025 569 1088 occiduis
592 1026 678 1088 fulsit
701 1013 817 1088 clarum
839 1023 933 1088 decus
956 1026 1046 1102 orbis,

185 1129 269 1196 Urbs
290 1131 434 1210 Augusta
455 1149 545 1206 nova,
567 1127 677 1191 Martis
699 1131 823 1192 feritate
846 1129 989 1212 superba,
1077 1140 1080 1148 ’

157 1261 160 1268 ·
186 1233 388 1323 Quam'satis
411 1232 543 1318 hispanii
565 1233 679 1296 cultam
703 1237 831 1297 tenuere
855 1233 963 1308 coloni,
1037 1241 1040 1248 '

124 1335 170 1401 15.
186 1335 329 1414 Corduba
357 1339 474 1400 famoso
497 1339 635 1422 locuples
659 1339 697 1401 de
719 1339 842 1402 nomine
864 1338 954 1412 dicta,

186 1441 311 1524 Inclyta
336 1443 461 1520 deliciis
483 1445 576 1504 rebus
599 1465 719 1526 quoque
742 1443 903 1528 splendida
926 1443 1052 1518 cunctis,

183 1543 321 1614 Maxime
344 1541 480 1634 septenis
503 1545 634 1630 Sophiae
656 1549 776 1630 repleta
797 1547 921 1610 fluentis
1033 1537 1040 1632 η’

186 1649 315 1712 Necnon
337 1652 495 1734 perpetuis
519 1671 640 1734 semper
661 1653 823 1735 praeclara
846 1647 1015 1734 triumphis,

187 1751 269 1816 Olim
292 1773 370 1836 quac
393 1751 515 1817 Christo
538 1756 641 1818 suerat
663 1743 887 1818 bene'subdita
904 1757 999 1838 justo,

121 1853 169 1917 20.
192 1856 287 1919 Fudit
309 1862 339 1919 et
362 1860 480 1921 albatos
502 1859 631 1923 Domino
652 1861 836 1943 baptismate
858 1862 956 1922 natos.
1030 1873 1035 1883 ‘

186 1959 304 2024 Bellica
326 1963 382 2024 sed
404 1963 626 2041 subit00virtus
647 1965 727 2025 bene
750 1953 872 2027 condita
890 1964 963 2045 jura

183 2063 327 2140 Mutavit,
350 2085 457 2128 sacrae
480 2065 551 2129 fidei
573 2067 753 2151 spargendo
772 2065 899 2128 nefandi

187 2166 348 2248 Dogmatis
371 2190 517 2252 errorem,
538 2173 685 2256 populum
705 2170 858 2250 laesitque
880 2169 1010 2232 fidelem.
1101 2165 1103 2172 ’

230 2272 354 2335 Perfida
376 2295 447 2336 nam
470 2275 693 2338 Saracenorum
716 2295 793 2356 gens
816 2271 1031 2336 indomitorum

121 2372 171 2438 25.
189 2373 282 2466 Urbis
304 2376 406 2440 Marte
428 2379 506 2461 petit
527 2379 621 2442 duros
642 2379 770 2462 hujusce
793 2379 926 2456 colonos,

183 2477 305 2562 Eripuit
327 2483 418 2563 regni
441 2485 555 2546 sortem
577 2483 634 2544 sibi
656 2485 719 2546 vim
741 2503 863 2566 quoque
883 2481 959 2544 clari

187 2579 393 2666 Extinxitqu'c
416 2587 530 2649 bonum
551 2583 669 2669 regemj
688 2589 872 2670 baptismate
890 2588 997 2661 lotum,

189 2686 250 2757 Qui
271 2685 392 2769 pridem
413 2691 521 2753 merito
544 2693 642 2773 gessit
662 2693 782 2772 regalia
804 2695 928 2774 sceptra

184 2787 227 2852 Et
251 2794 335 2852 cives
354 2783 447 2875 justis
471 2795 586 2858 domuit
608 2800 682 2877 quot
703 2799 842 2877 tempora
864 2781 992 2857 frenis*

119 2889 168 2956 30.
186 2891 301 2956 Hostili
322 2896 405 2958 ferro
427 2903 512 2960 certe
535 2921 595 2982 quo
613 2901 678 2984 jam
700 2901 846 2982 superato

186 2997 234 3060 Ac
255 2997 373 3080 reliquo
395 3001 477 3064 victo
499 3005 585 3066 tanta
603 2993 646 3066 ⁴de
667 3005 762 3065 caede
784 3003 921 3086 popello,

156 3185 160 3194 1
180 3100 299 3163 Ductor
321 3106 499 3168 barbaricae
515 3109 627 3188 gentis,
649 3111 784 3170 structor
808 3125 929 3190 quoqne
949 3117 1073 3189 pugnae

183 3201 242 3266 Vir
265 3193 312 3268 sat
334 3205 511 3290 perversus,
531 3198 600 3274 'vita
620 3213 742 3294 rituque
764 3213 921 3293 profanus,

188 3309 334 3400 Vindicat
351 3313 475 3396 imperii
497 3317 611 3378 sortem
634 3317 695 3377 sibi
714 3314 847 3396 denique
868 3313 956 3390 tanti,

123 3409 173 3475 35.
188 3409 325 3478 Collocat
348 3421 379 3479 et
402 3420 502 3482 socios
524 3421 669 3503 populato
692 3439 764 3482 rure
785 3417 945 3493 nefandos,

187 3517 325 3602 Impleas
346 3528 535 3586 moerentem
557 3546 618 3586 non
640 3526 746 3606 paucis
768 3523 907 3586 hostibus
927 3521 1043 3594 urbem,

186 3617 300 3685 Polluit
323 3629 354 3687 et
376 3607 634 3712 veterem‘purae
656 3629 728 3689 fidei
751 3627 932 3707 genitricem

186 3723 353 3791 barbarico
377 3731 446 3808 ritu,
471 3734 551 3813 quod
572 3751 644 3793 nam
662 3731 837 3793 miserabile
860 3729 953 3804 dictu,

190 3827 334 3910 Paganos
352 3815 444 3918 justis
467 3837 703 3898 intermiscendo
723 3832 847 3909 colonis,

125 3927 175 3994 40.
194 3933 262 4005 Qu'o
284 3937 341 3999 sibi
364 3939 532 4002 suaderent
554 3941 669 4024 patrios
690 3938 861 4036 dissolvere
883 3953 985 4000 mores

101 4081 305 4104 Ἣ

127 4171 356 4230 lacendum.
392 4178 601 4235 latomenus.
620 4179 679 4228 tul·¹
716 4167 1019 4231 abremittatur.
1045 4165 1129 4214 3⁹.st

170 4244 409 4304 les-tamum.
898 4299 920 4366 ὃ
966 4295 969 4302 ,
