3022 4982
459 1362 568 1456 Unica
590 1411 657 1472 spes
676 1393 787 1469 muudi,
810 1393 988 1456 dominatrix
1011 1393 1119 1477 inclyta
1142 1394 1225 1473 coeli,

504 1513 612 1582 Sancte
634 1533 741 1594 parens
764 1513 866 1600 Regis,
889 1513 984 1578 lucida
1007 1515 1091 1578 stella
1114 1521 1214 1594 maris,

374 1633 423 1700 15.
457 1635 538 1710 Quae
560 1641 677 1715 pariens
701 1638 815 1722 munile-
833 1641 1015 1713 restaurasti,
1038 1641 1086 1716 pia
1109 1635 1212 1720 Virgo,

500 1755 615 1835 Vitam,
639 1776 725 1870 quam
748 1743 832 1840 virge
853 1745 1030 1841 perdiderat,
1043 1758 1149 1837 uetula,

459 1877 506 1942 Tu
530 1881 652 1962 dignare
675 1889 741 1942 tuae
765 1878 891 1942 famulae
914 1879 1069 1942 clementer
1091 1883 1206 1959 edesse,

440 2047 445 2054 .
475 2013 480 2022 ·
503 1991 698 2064 Hretsvttlue
720 1982 798 2066 retis
820 2001 1047 2084 carminulisque
1070 2007 1165 2080 neris,

386 2161 390 2172 ·
414 2131 418 2144 “
458 2120 542 2194 Quae
565 2122 628 2200 tibi,
651 2120 795 2196 femineae
818 2125 916 2214 studio
939 2122 1098 2188 famulante
1121 2143 1271 2205 camenae,
1346 2177 1351 2182 .

371 2208 426 2309 Ι20.
502 2243 571 2307 lum
595 2216 716 2326 supplex¹
736 2245 865 2308 mndrrlis
889 2249 1009 2307 succine
1032 2246 1195 2328 dactylicis,

403 2369 409 2376 “
450 2347 619 2453 [rupiana
642 2367 687 2428 vel
711 2372 880 2430 scirnmatiru
904 2372 1047 2449 attingere
1069 2365 1167 2429 saltim
1280 2375 1283 2380 “
1312 2377 1315 2382 “

484 2474 613 2550 *laudis
633 2461 815 2567 particulam,
838 2481 943 2570 Virga,
968 2500 1040 2550 tuae
1062 2477 1228 2566 minimam,
1277 2531 1280 2541 ·

458 2607 550 2671 Ortus
573 2618 659 2691 atquc
682 2613 724 2671 tui
746 2612 906 2688 primordia
929 2609 1007 2672 clara
1031 2611 1107 2673 beati

501 2729 623 2793 Necnon
644 2729 771 2814 regalem
794 2750 922 2812 pangere
944 2735 1122 2812 progeniem.

372 2852 426 2918 25.
459 2853 527 2915 Huc
548 2861 646 2915 tamen
669 2870 812 2933 agnosco,
834 2850 954 2934 fragiles
978 2854 1114 2914 excedere
1136 2855 1223 2932 sires,

501 2972 542 3037 Ut
564 2983 701 3053 temptem
724 2973 809 3036 laude
831 2982 860 3035 te
882 2977 986 3036 merita
1009 2993 1122 3051 canere,

458 3095 556 3178 Digne
577 3113 630 3174 pru
653 3098 765 3158 meritis
788 3115 874 3178 quam
898 3104 976 3157 tetus
999 3114 1058 3158 nun
1082 3100 1159 3158 canit
1182 3099 1272 3176 urbis,

503 3217 641 3298 Quaeque
664 3236 752 3296 super
772 3216 874 3279 laudes
897 3217 1046 3300 angelicas
1068 3221 1189 3296 renites,

458 3339 547 3401 Hune
568 3341 636 3420 quia
657 3341 790 3420 virginee
812 3343 936 3418 portasti
959 3347 1060 3402 ventre
1082 3339 1178 3418 puella

372 3459 425 3525 30.
501 3460 658 3538 Inclusum,
682 3469 784 3523 cuncta
807 3464 856 3542 qui
877 3465 953 3543 regit
975 3465 1109 3540 imperio.

458 3580 538 3643 Olim
562 3583 614 3642 sed
637 3580 757 3643 stultum
780 3581 837 3644 lari
860 3586 908 3664 qui
927 3579 1021 3666 jussit
1043 3581 1165 3645 asellum

501 3703 536 3764 ln
558 3701 673 3764 laudem
696 3707 791 3766 sancti
812 3707 940 3767 neminis
964 3702 1013 3764 ille
1036 3707 1092 3780 sui,

459 3824 561 3907 Teque
582 3844 634 3904 per
656 3825 819 3908 angelicum
841 3825 920 3906 iecit,
942 3824 1133 3908 Virguneula‚
1156 3826 1276 3889 verbum
1310 3873 1314 3878 .

500 3947 548 4011 De
569 3955 671 4012 sanctu
693 3949 782 4030 digne
804 3946 936 4012 Flamina
959 3953 1120 4029 concipere,

373 4125 552 4134 -ψ

402 4224 431 4267 15.
446 4222 606 4277 perens‚M.
622 4235 644 4264 u.
662 4221 769 4276 &vent
785 4221 811 4264 V.
827 4223 870 4268 187.
897 4222 930 4267 26.
946 4223 1089 4266 Laudibus
1108 4226 1137 4264 ut
1156 4226 1257 4266 tentem
1278 4226 1304 4264 te
1325 4227 1401 4282 unxeri-

439 4296 476 4336 tie
493 4305 608 4349 canere,
629 4292 654 4336 c.
668 4306 690 4338 u.
706 4292 730 4338 S.
758 4297 792 4340 29.
810 4295 889 4349 irinc,
906 4293 929 4336 c.
944 4307 967 4338 u.
983 4292 1007 4336 S.
1033 4295 1190 4348 sanccita,
1204 4293 1236 4338 Μ.
1249 4305 1272 4336 u.
1286 4293 1311 4336 Ρ.
