3048 4980
443 475 767 559 '-345-

219 663 302 741 „cui
324 667 416 748 caput
439 667 589 731 ecclesias
611 669 675 732 toto
697 667 862 731 domineris
885 669 916 732 in
939 671 1031 749 orbe3

221 769 318 844 „Quo
342 771 370 831 si
389 771 470 833 forte
492 772 548 834 tibi
569 771 692 852 placeat
713 773 835 836 devotio
857 773 964 850 nostri,

136 869 209 935 150.
225 873 403 949 „Auxilium
419 877 596 956 praebente
619 879 673 938 tua
694 877 810 958 pietate
832 881 971 959 paterna,

220 977 333 1054 „Quod
354 979 434 1041 votis
456 980 601 1059 gerimus,
623 981 714 1042 sactis
737 983 816 1044 bene
839 982 1045 1063 perficiemus.

219 1082 286 1158 „Ac
307 1084 342 1144 tu
362 1119 407 1128 —
429 1083 590 1146 consilium
610 1085 700 1146 nimis
721 1085 830 1148 merito
851 1086 1027 1166 flagitamus
1049 1121 1093 1134 --

219 1185 399 1268 „Susceptis
423 1187 510 1248 donis
532 1188 676 1251 clementi
697 1190 823 1269 pectore
845 1190 968 1266 uostris,

219 1289 364 1366 „Scilicet
387 1293 418 1352 et
439 1291 524 1372 regis
548 1293 723 1372 compulsus
746 1310 850 1356 amore
872 1293 1027 1375 perennis,

133 1389 205 1456 155.
221 1393 371 1470 „Praesta
394 1397 570 1476 sauctorum
591 1395 678 1456 nobis
701 1415 789 1458 sacra
810 1396 950 1478 pignora,
974 1419 1104 1478 quorum

218 1496 345 1574 „Omnis
368 1499 507 1568 coenobii
527 1499 712 1563 constructio
735 1500 832 1580 possit
854 1500 964 1564 honori

219 1601 320 1682 „Apte
343 1602 468 1682 signari,
492 1603 588 1664 sacris
610 1603 788 1684 meritisque
811 1604 901 1666 tueri.

220 1704 341 1786 „thue
364 1707 404 1768 sit
425 1709 541 1788 absque
560 1709 637 1788 jugo
659 1727 770 1787 regum
790 1727 847 1789 per
869 1709 973 1770 saecla
1006 1710 1166 1790 potentum

218 1807 304 1884 „Neo
326 1813 519 1872 terrenorem
539 1811 675 1892 patiatur
697 1811 760 1871 vim
780 1811 979 1886 dominorum,

132 1907 205 1972 160.
221 1911 309 1988 „Hoc
330 1913 461 1976 rectoris
483 1914 643 1994 apostolici
665 1915 762 1976 solum
784 1913 890 1976 ditioni
1056 1991 1061 1996 Α

215 2015 431 2091 „Tradidimus
453 2018 494 2078 ad
515 2017 746 2079 defendendum
767 2019 945 2098 pariterque
967 2019 1167 2099 regendum.“

215 2117 304 2182 Haeo
326 2120 403 2182 dux..
442 2120 484 2182 Et
507 2141 643 2182 summus
666 2123 793 2202 praesul
816 2122 860 2183 sic
883 2121 1012 2202 Sergius
1035 2143 1123 2185 orsus

217 2221 337 2302 Inquit:
360 2221 425 2300 „Tc
447 2225 513 2286 miti
532 2225 708 2306 conplector
730 2227 864 2307 pectore,
888 2226 941 2302 fili,

214 2324 477 2408 „Consortemque
501 2331 583 2390 tuam
605 2329 722 2410 pariter
744 2329 922 2410 conplector
943 2330 1113 2406 amandam,

129 2424 202 2490 165.
218 2429 341 2512 „Atque
362 2431 420 2512 piis
443 2431 551 2493 studiis
574 2432 714 2512 gaudens
737 2433 916 2511 congaudeo
939 2433 1062 2509 vestris,

215 2533 301 2608 „Neo
323 2536 410 2598 vobis
433 2536 525 2597 credo
548 2537 595 2597 fas
619 2555 688 2596 esse
711 2555 830 2614 negare
853 2537 959 2617 pet‘ta.

214 2636 294 2712 „Hic
316 2638 377 2700 duo
398 2643 537 2702 rectores
559 2640 684 2700 fuerant
706 2639 869 2718 aliquando
892 2643 1045 2720 potentes,

216 2740 367 2816 „Praesul
388 2741 572 2806 Anastasius
595 2742 677 2803 sedis
700 2741 911 2802 sanctissimus
936 2743 1053 2825 hujus,¹

214 2843 276 2920 „Et
297 2847 518 2928 coapostolicus
540 2865 629 2908 sacer
650 2845 850 2908 Innocentius
874 2848 955 2928 ejus3

128 2943 200 3008 170.
215 2948 298 3024 „Qui
318 2954 388 3032 post
408 2953 565 3031 pastorem
585 2950 713 3012 Petrum
735 2948 925 3030 Paulumque
948 2951 1130 3034 magistrum

212 3051 392 3128 „Ecclesiae
414 3053 531 3114 meritis
554 3054 694 3114 celebres
717 3053 834 3114 fulsere
858 3055 1025 3134 supremis3

211 3155 372 3232 „Quorum
393 3158 456 3218 tam
477 3176 591 3238 magna
614 3159 780 3220 servantur
803 3175 932 3237 corpora
956 3175 1030 3218 cura

211 3258 391 3334 „Hactenus
414 3277 432 3320 a
456 3261 573 3322 ouuotis
596 3261 687 3341 hujus
709 3260 881 3320 rectoribus
904 3261 998 3335 urbis,

214 3361 276 3436 „Ut
297 3370 356 3424 nec
377 3364 559 3444 particulam
582 3363 744 3443 quisquam
766 3363 956 3424 subtraxerit
977 3383 1120 3443 unquam,

122 3462 196 3528 175.
211 3465 326 3542 ,fflleuo
348 3468 553 3532 membrorum
574 3485 702 3528 numero
725 3468 904 3528 remanente
927 3485 1093 3530 sacrorum

210 3569 294 3645 „Sed
316 3569 387 3650 quia
405 3571 478 3651 jure
500 3569 558 3651 piis
582 3569 752 3632 concedere
775 3571 871 3631 debeo
894 3569 983 3646 votis,
1138 3560 1141 3566 ’

210 3673 399 3750 „Amborum
419 3675 507 3735 vobis
530 3674 647 3735 donabo
670 3673 801 3755 pignora
824 3672 930 3751 gratis,

209 3775 417 3858 „Corporibus
440 3777 536 3838 sacris
558 3777 678 3838 abscisa
699 3778 842 3858 patenter
865 3777 903 3838 ab
925 3776 1017 3858 ipsis;

117 3966 304 3978 ...-.-—--

148 4081 300 4136 mansu,
321 4080 389 4136 reug
411 4079 430 4122 Α
451 4085 476 4122 te
495 4064 729 4134 consiliumque,
750 4080 784 4132 11,
803 4077 955 4134 lablolgend,
986 4083 1030 4127 151.
1045 4085 1154 4126 meniis·

213 4165 277 4206 que,
295 4151 352 4207 np.;
368 4151 555 4202 meritisque,
573 4149 614 4196 Le.
645 4151 687 4192 161.
703 4151 864 4203 regendum
879 4149 906 4192 ll.
938 4151 982 4194 162.
997 4151 1030 4193 nt
1044 4165 1152 4208 summus,

212 4221 241 4264 li.
271 4223 315 4266 166.
329 4221 363 4264 las
377 4233 427 4261 esse
441 4220 514 4272 eredo,
530 4218 571 4272 Ap.
600 4219 838 4274 178.ubclsu‚Ap.,
855 4217 908 4258 Lck.
922 4218 989 4264 ull.
