3022 4982
507 535 760 624 ..0-

108 710 258 790 540.Η10,
280 733 346 792 nas,
368 717 566 794 transmissis,
588 719 731 781 constant
762 715 833 798 quia
860 712 984 795 cognita
1012 709 1140 788 cunctis,

193 818 373 882 Sermonem
394 823 622 886 nobistantum
644 823 793 884 iaciemus
816 821 854 882 ab
877 818 946 892 illis,

194 921 309 984 Rarius
331 923 499 1008 intemplo
522 946 602 1008 quae
624 927 793 988 ereduntur
816 925 883 986 lore
905 923 995 984 diets.

238 1023 330 1089 Certe
358 1049 427 1090 eum
456 1031 598 1092 stabilem
628 1029 761 1092 volitans
793 1029 943 1107 urgueret
971 1025 1003 1086 in
1037 1025 1142 1088 orbem

192 1131 338 1212 Undique
358 1125 514 1214 subjectas
543 1134 677 1196 describi
704 1132 801 1214 jussio
824 1132 932 1204 lectos,

110 1231 181 1297 545.
203 1233 346 1297 Caesaris
367 1235 502 1316 Augusti
524 1256 711 1318 censumque
732 1235 790 1298 sibi
810 1234 957 1318 profiteri,

196 1338 314 1420 Joseph
334 1340 374 1402 ad
395 1341 527 1422 patriam
548 1340 692 1402 Bethlem
714 1341 898 1421 perrexerat
920 1339 1030 1400 urbem

194 1441 272 1504 Cum
293 1443 480 1525 desponsata
501 1445 623 1506 sibimet
643 1447 836 1525 praegnante
859 1441 967 1504 nuria.

194 1545 237 1606 Et
258 1565 329 1606 cum
349 1549 483 1610 famosis.
496 1551 602 1609 essent
623 1568 719 1628 prope
741 1547 900 1610 moenibus
922 1545 1016 1619 urbis,

195 1649 331 1730 Aspexit
352 1671 413 1712 000
436 1652 602 1733 corporeis,
625 1652 681 1712 sed
702 1651 813 1712 mentis
833 1649 938 1712 ocellis

111 1748 180 1814 550.
192 1751 365 1840 Commium
387 1755 467 1818 alma
489 1755 567 1817 duos
587 1755 772 1834 virguncula
793 1757 877 1816 stare
899 1753 1047 1834 popellos,

194 1855 297 1920 Unum
317 1858 470 1922 ridentem
491 1877 612 1920 necnon
632 1859 725 1920 alium
746 1858 965 1920 lacrimantem,

195 1960 286 2032 Quod
309 1960 426 2043 Jassph
447 1963 552 2026 vetulo
574 1981 723 2037 narrares
736 1961 855 2026 audivit
875 1962 913 2022 ab
935 1961 1004 2022 illo:

196 2063 345 2139 „Contine
367 2067 505 2148 subjecto
527 2068 648 2127 tantum
669 2069 700 2128 10
722 2067 781 2128 rite
800 2067 949 2146 jumento,

196 2168 256 2242 „Et
277 2169 349 2244 noli,
371 2189 474 2251 posca,
497 2188 627 2232 narrare
649 2169 806 2250 superflua
827 2170 951 2230 rerba“

114 2268 183 2334 555.
237 2271 377 2346 Dixerat,
401 2275 432 2336 et
450 2273 599 2356 juvenem
621 2293 724 2334 coram
745 2271 890 2355 propexit
910 2269 1049 2344 herilem,

196 2375 257 2445 Qui
278 2376 336 2437 sibi
357 2376 538 2458 mysterium
559 2377 730 2438 declaravit
751 2376 940 2457 populorum,

196 2478 283 2540 Talia
304 2483 426 2541 sacrata
448 2480 554 2542 dicens
575 2501 632 2564 pra
654 2481 777 2559 virgine
799 2481 911 2542 verba:

195 2581 276 2658 „Cur
298 2583 382 2659 dicis,
405 2583 537 2646 Mariam
557 2605 618 2647 000
640 2585 771 2646 verbula
791 2603 868 2646 reru
890 2583 1031 2656 locutam,

196 2686 409 2766 „Indignatus
431 2707 501 2750 cam
522 2692 676 2750 secretum
698 2707 826 2748 cernere
850 2688 969 2748 selam?

114 2785 181 2849 560.
193 2789 291 2863 ‚diam
312 2791 438 2855 flentem
459 2793 605 2874 populum
627 2790 736 2854 meritc
758 2791 836 2854 vidit
857 2790 1054 2862 Judaecrum,

195 2893 277 2969 „Qui
297 2914 370 2958 mex
392 2913 410 2954 0
429 2895 560 2962 Domino
583 2896 721 2956 discedet
743 2895 836 2956 eorde
857 2894 1001 2973 maligne,

197 2996 331 3072 „Contra
353 2998 500 3078 gentilem
524 3000 579 3060 sed
601 2999 719 3060 laetitia
741 2999 920 3072 fluitantem,

195 3101 264 3176 „Aa
286 3100 359 3162 fidei
380 3121 527 3181 magnum
549 3103 619 3183 quia
642 3102 805 3184 perveniet
826 3101 1086 3168 casamentum*

239 3204 299 3266 His
322 3205 420 3281 dictis,
443 3205 574 3270 Mariam
594 3205 707 3267 blande
730 3224 899 3268 conversus
921 3205 961 3264 ad
983 3204 1102 3274 almam,

116 3303 182 3369 565.
194 3308 327 3390 Tempus
349 3310 461 3372 adesse
483 3309 540 3371 adsi
561 3307 717 3371 Christum
739 3311 845 3370 narrat
866 3306 1014 3388 pariendi

198 3413 286 3482 Quae
309 3412 347 3474 de
371 3413 508 3494 subjecte
531 3413 691 3474 descendit
709 3411 797 3494 jussa
815 3413 965 3494 jumento,

195 3514 321 3577 Intrans
344 3517 531 3596 speluncam,
554 3518 610 3578 sub
632 3519 717 3578 terra
739 3516 799 3577 rite
821 3515 961 3588 locatam,

197 3619 285 3689 Quae
308 3619 390 3680 mele
412 3620 584 3700 praesentis
607 3621 730 3702 penitus
753 3619 813 3682 snit
830 3619 929 3680 inscia
950 3618 1037 3693 lucis,

196 3721 237 3783 Et
258 3742 350 3805 quam
372 3724 535 3788 sentimas
558 3745 680 3806 semper
702 3727 832 3786 tenuere
854 3725 1031 3786 1000100οπ

118 3820 363 3900 elcesaeos,
386 3831 421 3890 ut
440 3829 542 3894 lucen
564 3828 701 3908 genitrix
722 3827 861 3909 paritura
881 3844 1051 3908 perennem

195 3929 285 3992 Hanc
306 3931 390 4006 adiit,
411 3931 505 3998 radiis
529 3932 631 4016 acepit
651 3933 774 4014 fulgere
797 3931 942 4006 coruscis,
1028 3959 1033 3966 ·

119 4100 289 4112 *ἡ*

143 4198 186 4254 se,
199 4202 293 4257 1100100,
306 4201 338 4246 Μ.
354 4216 377 4247 n.
392 4203 433 4259 P.;
449 4203 565 4259 cerins,
586 4203 610 4250 c.
625 4217 647 4250 a.
665 4203 688 4251 S.
715 4203 763 4253 513.
778 4202 926 4245 veniretis
941 4201 1024 4252 ossen,
1040 4197 1064 4244 0.
1079 4177 1139 4240 nst

205 4271 367 4329 5111001000,
383 4275 408 4318 1².
