<?xml version="1.0" encoding="UTF-8"?>
<!DOCTYPE html PUBLIC "-//W3C//DTD XHTML 1.0 Transitional//EN"
    "http://www.w3.org/TR/xhtml1/DTD/xhtml1-transitional.dtd">
<html xmlns="http://www.w3.org/1999/xhtml" xml:lang="en" lang="en">
 <head>
  <title>
</title>
<meta http-equiv="Content-Type" content="text/html;charset=utf-8" />
  <meta name='ocr-system' content='tesseract 3.04.00' />
  <meta name='ocr-capabilities' content='ocr_page ocr_carea ocr_par ocr_line ocrx_word'/>
</head>
<body>
  <div class='ocr_page' id='page_1' title='image "./diewerkederhrot00baragoog_0110.png"; bbox 0 0 3022 4982; ppageno 0'>
   <div class='ocr_carea' id='block_1_1' title="bbox 777 541 993 622">
    <p class='ocr_par' dir='ltr' id='par_1_1' title="bbox 777 541 993 622">
     <span class='ocr_line' id='line_1_1' title="bbox 777 541 993 622; baseline -0.005 -18"><span class='ocrx_word' id='word_1_1' title='bbox 777 541 906 622; x_wconf 69' lang='lat' dir='ltr'>...eg</span> <span class='ocrx_word' id='word_1_2' title='bbox 948 585 993 603; x_wconf 86' lang='grc'><strong><em>....</em></strong></span> 
     </span>
    </p>
   </div>
   <div class='ocr_carea' id='block_1_2' title="bbox 375 719 1505 4021">
    <p class='ocr_par' dir='ltr' id='par_1_2' title="bbox 375 719 1505 4021">
     <span class='ocr_line' id='line_1_2' title="bbox 461 719 1243 806; baseline -0.008 -14"><span class='ocrx_word' id='word_1_3' title='bbox 461 727 657 803; x_wconf 79' lang='lat' dir='ltr'>Quaerentes</span> <span class='ocrx_word' id='word_1_4' title='bbox 678 729 786 792; x_wconf 86' lang='lat' dir='ltr'>urbem</span> <span class='ocrx_word' id='word_1_5' title='bbox 807 727 955 792; x_wconf 79' lang='lat' dir='ltr'>famosam</span> <span class='ocrx_word' id='word_1_6' title='bbox 976 722 1108 806; x_wconf 88' lang='lat' dir='ltr'>deniqne</span> <span class='ocrx_word' id='word_1_7' title='bbox 1131 719 1243 797; x_wconf 83' lang='lat' dir='ltr'>Salem,</span> 
     </span>
     <span class='ocr_line' id='line_1_3' title="bbox 460 832 1228 912; baseline -0.012 -16"><span class='ocrx_word' id='word_1_8' title='bbox 460 834 588 896; x_wconf 82' lang='lat' dir='ltr'>Necnon</span> <span class='ocrx_word' id='word_1_9' title='bbox 609 833 775 908; x_wconf 81' lang='lat' dir='ltr'>Herodem,</span> <span class='ocrx_word' id='word_1_10' title='bbox 799 832 952 896; x_wconf 76' lang='lat' dir='ltr'><strong>constanti</strong></span> <span class='ocrx_word' id='word_1_11' title='bbox 972 833 1098 912; x_wconf 87' lang='lat' dir='ltr'>pectore</span> <span class='ocrx_word' id='word_1_12' title='bbox 1120 845 1228 908; x_wconf 87' lang='lat' dir='ltr'>regem</span> 
     </span>
     <span class='ocr_line' id='line_1_4' title="bbox 463 934 1150 1017; baseline -0.012 -17"><span class='ocrx_word' id='word_1_13' title='bbox 463 937 634 1001; x_wconf 80' lang='lat' dir='ltr'>Sollicitant</span> <span class='ocrx_word' id='word_1_14' title='bbox 656 937 741 1017; x_wconf 86' lang='lat' dir='ltr'>regie</span> <span class='ocrx_word' id='word_1_15' title='bbox 762 938 801 998; x_wconf 91' lang='lat' dir='ltr'>de</span> <span class='ocrx_word' id='word_1_16' title='bbox 823 937 984 998; x_wconf 72' lang='lat' dir='ltr'>nativitate</span> <span class='ocrx_word' id='word_1_17' title='bbox 1007 934 1150 1007; x_wconf 88' lang='lat' dir='ltr'>recentis,</span> 
     </span>
     <span class='ocr_line' id='line_1_5' title="bbox 376 1037 1267 1122; baseline -0.01 -18"><span class='ocrx_word' id='word_1_18' title='bbox 376 1038 447 1104; x_wconf 89' lang='grc'><strong>640.</strong></span> <span class='ocrx_word' id='word_1_19' title='bbox 461 1041 501 1103; x_wconf 81' lang='lat' dir='ltr'>Se</span> <span class='ocrx_word' id='word_1_20' title='bbox 523 1042 639 1110; x_wconf 82' lang='lat' dir='ltr'>vidisse</span> <span class='ocrx_word' id='word_1_21' title='bbox 660 1059 780 1116; x_wconf 83' lang='lat' dir='ltr'>novam,</span> <span class='ocrx_word' id='word_1_22' title='bbox 804 1042 914 1116; x_wconf 78' lang='lat' dir='ltr'>senten,</span> <span class='ocrx_word' id='word_1_23' title='bbox 937 1039 1114 1122; x_wconf 89' lang='lat' dir='ltr'>nuperrime</span> <span class='ocrx_word' id='word_1_24' title='bbox 1137 1037 1267 1109; x_wconf 85' lang='lat' dir='ltr'>stellam,</span> 
     </span>
     <span class='ocr_line' id='line_1_6' title="bbox 433 1141 1271 1224; baseline -0.007 -15"><span class='ocrx_word' id='word_1_25' title='bbox 433 1141 435 1145; x_wconf 65' lang='grc'>’</span> <span class='ocrx_word' id='word_1_26' title='bbox 460 1145 548 1217; x_wconf 77' lang='lat' dir='ltr'>Quae</span> <span class='ocrx_word' id='word_1_27' title='bbox 570 1165 678 1224; x_wconf 88' lang='lat' dir='ltr'>regem</span> <span class='ocrx_word' id='word_1_28' title='bbox 699 1148 805 1208; x_wconf 89' lang='lat' dir='ltr'>natum</span> <span class='ocrx_word' id='word_1_29' title='bbox 827 1145 1053 1206; x_wconf 81' lang='lat' dir='ltr'>demonstraret</span> <span class='ocrx_word' id='word_1_30' title='bbox 1076 1143 1271 1204; x_wconf 85' lang='lat' dir='ltr'>Judacorum</span> 
     </span>
     <span class='ocr_line' id='line_1_7' title="bbox 470 1243 1263 1328; baseline -0.005 -18"><span class='ocrx_word' id='word_1_31' title='bbox 470 1243 473 1248; x_wconf 68' lang='grc'>’</span> <span class='ocrx_word' id='word_1_32' title='bbox 503 1247 562 1310; x_wconf 86' lang='lat' dir='ltr'>His</span> <span class='ocrx_word' id='word_1_33' title='bbox 584 1269 643 1312; x_wconf 86' lang='lat' dir='ltr'>rex</span> <span class='ocrx_word' id='word_1_34' title='bbox 664 1251 815 1323; x_wconf 86' lang='lat' dir='ltr'>turbatus,</span> <span class='ocrx_word' id='word_1_35' title='bbox 839 1250 1085 1310; x_wconf 81' lang='lat' dir='ltr'>secrete&#39;mente</span> <span class='ocrx_word' id='word_1_36' title='bbox 1107 1247 1263 1328; x_wconf 79' lang='lat' dir='ltr'>profanus,</span> 
     </span>
     <span class='ocr_line' id='line_1_8' title="bbox 462 1351 1115 1425; baseline -0.005 -11"><span class='ocrx_word' id='word_1_37' title='bbox 462 1351 578 1415; x_wconf 85' lang='lat' dir='ltr'>Accitis</span> <span class='ocrx_word' id='word_1_38' title='bbox 601 1353 690 1414; x_wconf 85' lang='lat' dir='ltr'>citius</span> <span class='ocrx_word' id='word_1_39' title='bbox 714 1353 822 1414; x_wconf 91' lang='lat' dir='ltr'>scribis</span> <span class='ocrx_word' id='word_1_40' title='bbox 845 1352 963 1415; x_wconf 81' lang='lat' dir='ltr'>audivit</span> <span class='ocrx_word' id='word_1_41' title='bbox 984 1352 1022 1413; x_wconf 90' lang='lat' dir='ltr'>ab</span> <span class='ocrx_word' id='word_1_42' title='bbox 1045 1351 1115 1425; x_wconf 89' lang='lat' dir='ltr'>illis,</span> 
     </span>
     <span class='ocr_line' id='line_1_9' title="bbox 460 1453 1224 1538; baseline -0.005 -20"><span class='ocrx_word' id='word_1_43' title='bbox 460 1455 552 1518; x_wconf 85' lang='lat' dir='ltr'>Certe</span> <span class='ocrx_word' id='word_1_44' title='bbox 574 1457 712 1519; x_wconf 88' lang='lat' dir='ltr'>Bethleis</span> <span class='ocrx_word' id='word_1_45' title='bbox 734 1457 821 1518; x_wconf 89' lang='lat' dir='ltr'>nesci</span> <span class='ocrx_word' id='word_1_46' title='bbox 843 1457 924 1538; x_wconf 90' lang='lat' dir='ltr'>quod</span> <span class='ocrx_word' id='word_1_47' title='bbox 947 1453 1087 1518; x_wconf 77' lang='lat' dir='ltr'>Ghristus</span> <span class='ocrx_word' id='word_1_48' title='bbox 1109 1455 1141 1514; x_wconf 90' lang='lat' dir='ltr'>in</span> <span class='ocrx_word' id='word_1_49' title='bbox 1164 1454 1224 1514; x_wconf 90' lang='lat' dir='ltr'>oris</span> 
     </span>
     <span class='ocr_line' id='line_1_10' title="bbox 377 1555 1203 1624; baseline -0.002 -4"><span class='ocrx_word' id='word_1_50' title='bbox 377 1555 448 1620; x_wconf 84' lang='lat'><strong>645.</strong></span> <span class='ocrx_word' id='word_1_51' title='bbox 461 1560 558 1621; x_wconf 81' lang='lat' dir='ltr'>Juxta</span> <span class='ocrx_word' id='word_1_52' title='bbox 580 1563 759 1622; x_wconf 90' lang='lat' dir='ltr'>cunctorum</span> <span class='ocrx_word' id='word_1_53' title='bbox 782 1561 910 1624; x_wconf 86' lang='lat' dir='ltr'>deberet</span> <span class='ocrx_word' id='word_1_54' title='bbox 931 1558 1067 1622; x_wconf 88' lang='lat' dir='ltr'>carmine</span> <span class='ocrx_word' id='word_1_55' title='bbox 1088 1563 1203 1620; x_wconf 84' lang='lat' dir='ltr'>vetum.</span> 
     </span>
     <span class='ocr_line' id='line_1_11' title="bbox 466 1661 1322 1744; baseline -0.004 -20"><span class='ocrx_word' id='word_1_56' title='bbox 466 1662 590 1726; x_wconf 78' lang='lat' dir='ltr'>Scilicet</span> <span class='ocrx_word' id='word_1_57' title='bbox 605 1666 697 1743; x_wconf 89' lang='lat' dir='ltr'>atque</span> <span class='ocrx_word' id='word_1_58' title='bbox 719 1664 818 1742; x_wconf 85' lang='lat' dir='ltr'>magis</span> <span class='ocrx_word' id='word_1_59' title='bbox 836 1664 931 1744; x_wconf 85' lang='lat' dir='ltr'>jussit</span> <span class='ocrx_word' id='word_1_60' title='bbox 953 1683 1022 1726; x_wconf 91' lang='lat' dir='ltr'>cum</span> <span class='ocrx_word' id='word_1_61' title='bbox 1044 1663 1154 1724; x_wconf 81' lang='lat' dir='ltr'>fraude</span> <span class='ocrx_word' id='word_1_62' title='bbox 1175 1661 1322 1735; x_wconf 75' lang='lat' dir='ltr'>remissis,</span> 
     </span>
     <span class='ocr_line' id='line_1_12' title="bbox 459 1766 1408 1848; baseline -0.003 -19"><span class='ocrx_word' id='word_1_63' title='bbox 459 1766 502 1830; x_wconf 90' lang='lat' dir='ltr'>Ut</span> <span class='ocrx_word' id='word_1_64' title='bbox 512 1787 646 1848; x_wconf 74' lang='lat' dir='ltr'>puerum</span> <span class='ocrx_word' id='word_1_65' title='bbox 661 1770 811 1847; x_wconf 88' lang='lat' dir='ltr'>quaerent</span> <span class='ocrx_word' id='word_1_66' title='bbox 825 1771 939 1842; x_wconf 92' lang='lat' dir='ltr'>natum,</span> <span class='ocrx_word' id='word_1_67' title='bbox 958 1767 1078 1830; x_wconf 89' lang='lat' dir='ltr'>sibimet</span> <span class='ocrx_word' id='word_1_68' title='bbox 1092 1785 1213 1846; x_wconf 89' lang='lat' dir='ltr'>quoque</span> <span class='ocrx_word' id='word_1_69' title='bbox 1226 1767 1408 1840; x_wconf 87' lang='lat' dir='ltr'>monstrent,</span> 
     </span>
     <span class='ocr_line' id='line_1_13' title="bbox 467 1855 1505 1952; baseline 0.002 -22"><span class='ocrx_word' id='word_1_70' title='bbox 467 1869 567 1941; x_wconf 77' lang='lat' dir='ltr'>Quem</span> <span class='ocrx_word' id='word_1_71' title='bbox 589 1870 673 1952; x_wconf 87' lang='lat' dir='ltr'>cupit</span> <span class='ocrx_word' id='word_1_72' title='bbox 694 1871 800 1944; x_wconf 87' lang='lat' dir='ltr'>occidi,</span> <span class='ocrx_word' id='word_1_73' title='bbox 823 1872 980 1946; x_wconf 85' lang='lat' dir='ltr'>simulans,</span> <span class='ocrx_word' id='word_1_74' title='bbox 1002 1892 1036 1932; x_wconf 91' lang='lat' dir='ltr'>se</span> <span class='ocrx_word' id='word_1_75' title='bbox 1058 1872 1140 1932; x_wconf 79' lang='lat' dir='ltr'>velle</span> <span class='ocrx_word' id='word_1_76' title='bbox 1162 1869 1292 1951; x_wconf 82' lang='lat' dir='ltr'>precari.</span> <span class='ocrx_word' id='word_1_77' title='bbox 1504 1855 1505 1866; x_wconf 11' lang='grc' dir='ltr'>ἵ</span> 
     </span>
     <span class='ocr_line' id='line_1_14' title="bbox 462 1960 1367 2058; baseline -0.002 -24"><span class='ocrx_word' id='word_1_78' title='bbox 462 1971 533 2047; x_wconf 87' lang='lat' dir='ltr'>Qui,</span> <span class='ocrx_word' id='word_1_79' title='bbox 554 1977 744 2036; x_wconf 89' lang='lat' dir='ltr'>monstrante</span> <span class='ocrx_word' id='word_1_80' title='bbox 765 1975 847 2036; x_wconf 83' lang='lat' dir='ltr'>viam</span> <span class='ocrx_word' id='word_1_81' title='bbox 869 1960 967 2049; x_wconf 85' lang='lat' dir='ltr'>stella,</span> <span class='ocrx_word' id='word_1_82' title='bbox 990 1977 1126 2058; x_wconf 88' lang='lat' dir='ltr'>pergunt</span> <span class='ocrx_word' id='word_1_83' title='bbox 1148 1974 1216 2047; x_wconf 92' lang='lat' dir='ltr'>cito,</span> <span class='ocrx_word' id='word_1_84' title='bbox 1239 1975 1367 2046; x_wconf 88' lang='lat' dir='ltr'>rectem,</span> 
     </span>
     <span class='ocr_line' id='line_1_15' title="bbox 379 2073 1145 2159; baseline -0.001 -21"><span class='ocrx_word' id='word_1_85' title='bbox 379 2073 586 2141; x_wconf 70' lang='lat' dir='ltr'>occinent</span> <span class='ocrx_word' id='word_1_86' title='bbox 614 2081 646 2139; x_wconf 87' lang='lat' dir='ltr'>et</span> <span class='ocrx_word' id='word_1_87' title='bbox 676 2079 765 2159; x_wconf 85' lang='lat' dir='ltr'>pueri</span> <span class='ocrx_word' id='word_1_88' title='bbox 785 2076 904 2158; x_wconf 85' lang='lat' dir='ltr'>regalia</span> <span class='ocrx_word' id='word_1_89' title='bbox 925 2081 1008 2140; x_wconf 88' lang='lat' dir='ltr'>tecta</span> <span class='ocrx_word' id='word_1_90' title='bbox 1030 2077 1145 2153; x_wconf 88' lang='lat' dir='ltr'>tenelli,</span> 
     </span>
     <span class='ocr_line' id='line_1_16' title="bbox 463 2180 1167 2264; baseline -0.001 -22"><span class='ocrx_word' id='word_1_91' title='bbox 463 2180 549 2242; x_wconf 88' lang='lat' dir='ltr'>Haut</span> <span class='ocrx_word' id='word_1_92' title='bbox 570 2182 657 2242; x_wconf 87' lang='lat' dir='ltr'>vario</span> <span class='ocrx_word' id='word_1_93' title='bbox 680 2185 764 2244; x_wconf 90' lang='lat' dir='ltr'>certe</span> <span class='ocrx_word' id='word_1_94' title='bbox 788 2183 931 2262; x_wconf 85' lang='lat' dir='ltr'>digestim</span> <span class='ocrx_word' id='word_1_95' title='bbox 953 2183 1036 2264; x_wconf 90' lang='lat' dir='ltr'>picta</span> <span class='ocrx_word' id='word_1_96' title='bbox 1056 2183 1167 2256; x_wconf 88' lang='lat' dir='ltr'>colore,</span> 
     </span>
     <span class='ocr_line' id='line_1_17' title="bbox 464 2283 1133 2372; baseline 0.001 -28"><span class='ocrx_word' id='word_1_97' title='bbox 464 2283 582 2348; x_wconf 86' lang='lat' dir='ltr'>Sideris</span> <span class='ocrx_word' id='word_1_98' title='bbox 603 2287 746 2372; x_wconf 86' lang='lat' dir='ltr'>obsequio</span> <span class='ocrx_word' id='word_1_99' title='bbox 769 2287 848 2348; x_wconf 86' lang='lat' dir='ltr'>tanti</span> <span class='ocrx_word' id='word_1_100' title='bbox 870 2287 926 2350; x_wconf 87' lang='lat' dir='ltr'>sed</span> <span class='ocrx_word' id='word_1_101' title='bbox 948 2287 1008 2348; x_wconf 86' lang='lat' dir='ltr'>rite</span> <span class='ocrx_word' id='word_1_102' title='bbox 1030 2286 1133 2366; x_wconf 88' lang='lat' dir='ltr'>polita.</span> 
     </span>
     <span class='ocr_line' id='line_1_18' title="bbox 461 2387 1128 2470; baseline 0.001 -22"><span class='ocrx_word' id='word_1_103' title='bbox 461 2387 554 2448; x_wconf 86' lang='lat' dir='ltr'>Proui</span> <span class='ocrx_word' id='word_1_104' title='bbox 575 2389 717 2469; x_wconf 85' lang='lat' dir='ltr'>vestigiis</span> <span class='ocrx_word' id='word_1_105' title='bbox 739 2391 872 2468; x_wconf 87' lang='lat' dir='ltr'>figentes</span> <span class='ocrx_word' id='word_1_106' title='bbox 896 2391 1001 2452; x_wconf 87' lang='lat' dir='ltr'>oscula</span> <span class='ocrx_word' id='word_1_107' title='bbox 1023 2389 1128 2470; x_wconf 88' lang='lat' dir='ltr'>prolis,</span> 
     </span>
     <span class='ocr_line' id='line_1_19' title="bbox 462 2490 1298 2574; baseline 0 -22"><span class='ocrx_word' id='word_1_108' title='bbox 462 2490 596 2553; x_wconf 85' lang='lat' dir='ltr'>Orantcs</span> <span class='ocrx_word' id='word_1_109' title='bbox 617 2493 761 2574; x_wconf 87' lang='lat' dir='ltr'>preculis,</span> <span class='ocrx_word' id='word_1_110' title='bbox 784 2494 890 2556; x_wconf 79' lang='lat' dir='ltr'>humili</span> <span class='ocrx_word' id='word_1_111' title='bbox 913 2513 1033 2574; x_wconf 88' lang='lat' dir='ltr'>quoque</span> <span class='ocrx_word' id='word_1_112' title='bbox 1055 2512 1132 2554; x_wconf 86' lang='lat' dir='ltr'>voce</span> <span class='ocrx_word' id='word_1_113' title='bbox 1154 2491 1298 2572; x_wconf 85' lang='lat' dir='ltr'>profusis,</span> 
     </span>
     <span class='ocr_line' id='line_1_20' title="bbox 378 2591 1246 2676; baseline 0.001 -22"><span class='ocrx_word' id='word_1_114' title='bbox 378 2591 449 2656; x_wconf 78' lang='lat'>655.</span> <span class='ocrx_word' id='word_1_115' title='bbox 462 2594 555 2658; x_wconf 84' lang='lat' dir='ltr'>Trino</span> <span class='ocrx_word' id='word_1_116' title='bbox 579 2597 745 2658; x_wconf 87' lang='lat' dir='ltr'>coelestem</span> <span class='ocrx_word' id='word_1_117' title='bbox 766 2600 956 2662; x_wconf 80' lang='lat' dir='ltr'>venerantur</span> <span class='ocrx_word' id='word_1_118' title='bbox 978 2617 1105 2660; x_wconf 87' lang='lat' dir='ltr'>munere</span> <span class='ocrx_word' id='word_1_119' title='bbox 1128 2615 1246 2676; x_wconf 87' lang='lat' dir='ltr'>regem,</span> 
     </span>
     <span class='ocr_line' id='line_1_21' title="bbox 463 2697 1348 2781; baseline -0.001 -23"><span class='ocrx_word' id='word_1_120' title='bbox 463 2697 558 2760; x_wconf 88' lang='lat' dir='ltr'>Hunc</span> <span class='ocrx_word' id='word_1_121' title='bbox 578 2700 790 2780; x_wconf 85' lang='lat' dir='ltr'>hominemque</span> <span class='ocrx_word' id='word_1_122' title='bbox 812 2701 912 2763; x_wconf 87' lang='lat' dir='ltr'>Deum</span> <span class='ocrx_word' id='word_1_123' title='bbox 934 2701 1136 2781; x_wconf 84' lang='lat' dir='ltr'>designantes</span> <span class='ocrx_word' id='word_1_124' title='bbox 1158 2700 1348 2762; x_wconf 82' lang='lat' dir='ltr'>moriturum.</span> 
     </span>
     <span class='ocr_line' id='line_1_22' title="bbox 465 2801 1317 2885; baseline -0.005 -21"><span class='ocrx_word' id='word_1_125' title='bbox 465 2802 527 2872; x_wconf 78' lang='lat' dir='ltr'>Qui</span> <span class='ocrx_word' id='word_1_126' title='bbox 548 2823 628 2877; x_wconf 87' lang='lat' dir='ltr'>mox,</span> <span class='ocrx_word' id='word_1_127' title='bbox 651 2803 683 2864; x_wconf 90' lang='lat' dir='ltr'>in</span> <span class='ocrx_word' id='word_1_128' title='bbox 705 2804 818 2864; x_wconf 86' lang='lat' dir='ltr'>somnis</span> <span class='ocrx_word' id='word_1_129' title='bbox 840 2805 946 2868; x_wconf 89' lang='lat' dir='ltr'>moniti</span> <span class='ocrx_word' id='word_1_130' title='bbox 968 2807 1025 2866; x_wconf 88' lang='lat' dir='ltr'>sub</span> <span class='ocrx_word' id='word_1_131' title='bbox 1048 2807 1185 2885; x_wconf 89' lang='lat' dir='ltr'>tempore</span> <span class='ocrx_word' id='word_1_132' title='bbox 1209 2801 1317 2876; x_wconf 89' lang='lat' dir='ltr'>noctis,</span> 
     </span>
     <span class='ocr_line' id='line_1_23' title="bbox 461 2906 1232 2991; baseline 0 -25"><span class='ocrx_word' id='word_1_133' title='bbox 461 2906 511 2966; x_wconf 91' lang='lat' dir='ltr'>Ad</span> <span class='ocrx_word' id='word_1_134' title='bbox 533 2907 663 2986; x_wconf 87' lang='lat' dir='ltr'>patriam</span> <span class='ocrx_word' id='word_1_135' title='bbox 686 2907 761 2968; x_wconf 87' lang='lat' dir='ltr'>lecti</span> <span class='ocrx_word' id='word_1_136' title='bbox 782 2909 923 2984; x_wconf 87' lang='lat' dir='ltr'>redeunt,</span> <span class='ocrx_word' id='word_1_137' title='bbox 945 2929 1002 2991; x_wconf 87' lang='lat' dir='ltr'>per</span> <span class='ocrx_word' id='word_1_138' title='bbox 1024 2909 1118 2970; x_wconf 84' lang='lat' dir='ltr'>devie</span> <span class='ocrx_word' id='word_1_139' title='bbox 1141 2907 1232 2968; x_wconf 91' lang='lat' dir='ltr'>ducti.</span> 
     </span>
     <span class='ocr_line' id='line_1_24' title="bbox 504 3009 1266 3094; baseline -0.001 -24"><span class='ocrx_word' id='word_1_140' title='bbox 504 3009 562 3070; x_wconf 90' lang='lat' dir='ltr'>His</span> <span class='ocrx_word' id='word_1_141' title='bbox 584 3010 628 3074; x_wconf 90' lang='lat' dir='ltr'>ita</span> <span class='ocrx_word' id='word_1_142' title='bbox 651 3010 788 3090; x_wconf 87' lang='lat' dir='ltr'>digestis,</span> <span class='ocrx_word' id='word_1_143' title='bbox 811 3011 963 3087; x_wconf 85' lang='lat' dir='ltr'>Herodes,</span> <span class='ocrx_word' id='word_1_144' title='bbox 986 3013 1137 3094; x_wconf 85' lang='lat' dir='ltr'>pessimus</span> <span class='ocrx_word' id='word_1_145' title='bbox 1160 3009 1266 3084; x_wconf 89' lang='lat' dir='ltr'>hostis,</span> 
     </span>
     <span class='ocr_line' id='line_1_25' title="bbox 375 3109 1145 3195; baseline 0.004 -21"><span class='ocrx_word' id='word_1_146' title='bbox 375 3109 446 3174; x_wconf 86' lang='lat'>660.</span> <span class='ocrx_word' id='word_1_147' title='bbox 458 3112 593 3192; x_wconf 88' lang='lat' dir='ltr'>Augusti</span> <span class='ocrx_word' id='word_1_148' title='bbox 612 3115 701 3194; x_wconf 85' lang='lat' dir='ltr'>jussu</span> <span class='ocrx_word' id='word_1_149' title='bbox 724 3113 853 3174; x_wconf 86' lang='lat' dir='ltr'>Romam</span> <span class='ocrx_word' id='word_1_150' title='bbox 876 3115 1037 3178; x_wconf 88' lang='lat' dir='ltr'>deducitur</span> <span class='ocrx_word' id='word_1_151' title='bbox 1060 3136 1145 3195; x_wconf 78' lang='lat' dir='ltr'>crgo,</span> 
     </span>
     <span class='ocr_line' id='line_1_26' title="bbox 463 3215 1222 3300; baseline 0 -22"><span class='ocrx_word' id='word_1_152' title='bbox 463 3215 531 3287; x_wconf 72' lang='lat' dir='ltr'>Quo</span> <span class='ocrx_word' id='word_1_153' title='bbox 553 3217 605 3278; x_wconf 84' lang='lat' dir='ltr'>vel</span> <span class='ocrx_word' id='word_1_154' title='bbox 626 3220 785 3300; x_wconf 81' lang='lat' dir='ltr'>purgaret,</span> <span class='ocrx_word' id='word_1_155' title='bbox 808 3218 862 3286; x_wconf 77' lang='lat' dir='ltr'>iex</span> <span class='ocrx_word' id='word_1_156' title='bbox 884 3221 918 3280; x_wconf 92' lang='lat' dir='ltr'>ut</span> <span class='ocrx_word' id='word_1_157' title='bbox 940 3237 1065 3281; x_wconf 86' lang='lat' dir='ltr'>romena</span> <span class='ocrx_word' id='word_1_158' title='bbox 1087 3219 1222 3293; x_wconf 88' lang='lat' dir='ltr'>doceret,</span> 
     </span>
     <span class='ocr_line' id='line_1_27' title="bbox 464 3317 1301 3404; baseline 0.002 -24"><span class='ocrx_word' id='word_1_159' title='bbox 464 3317 605 3382; x_wconf 83' lang='lat' dir='ltr'>Criminis</span> <span class='ocrx_word' id='word_1_160' title='bbox 628 3319 761 3402; x_wconf 88' lang='lat' dir='ltr'>inposite</span> <span class='ocrx_word' id='word_1_161' title='bbox 784 3321 822 3382; x_wconf 89' lang='lat' dir='ltr'>de</span> <span class='ocrx_word' id='word_1_162' title='bbox 844 3323 949 3404; x_wconf 88' lang='lat' dir='ltr'>magni</span> <span class='ocrx_word' id='word_1_163' title='bbox 972 3343 1005 3382; x_wconf 89' lang='lat' dir='ltr'>se</span> <span class='ocrx_word' id='word_1_164' title='bbox 1029 3322 1088 3383; x_wconf 89' lang='lat' dir='ltr'>cito</span> <span class='ocrx_word' id='word_1_165' title='bbox 1111 3323 1209 3403; x_wconf 89' lang='lat' dir='ltr'>culpa,</span> <span class='ocrx_word' id='word_1_166' title='bbox 1298 3333 1301 3343; x_wconf 60' lang='lat'><strong>⁸</strong></span> 
     </span>
     <span class='ocr_line' id='line_1_28' title="bbox 465 3423 1266 3507; baseline 0.001 -25"><span class='ocrx_word' id='word_1_167' title='bbox 465 3423 525 3484; x_wconf 86' lang='lat' dir='ltr'>Vel</span> <span class='ocrx_word' id='word_1_168' title='bbox 549 3423 656 3505; x_wconf 90' lang='lat' dir='ltr'>capitis</span> <span class='ocrx_word' id='word_1_169' title='bbox 678 3443 809 3505; x_wconf 86' lang='lat' dir='ltr'>poenam</span> <span class='ocrx_word' id='word_1_170' title='bbox 827 3426 911 3506; x_wconf 81' lang='lat' dir='ltr'>juste</span> <span class='ocrx_word' id='word_1_171' title='bbox 933 3429 1093 3507; x_wconf 86' lang='lat' dir='ltr'>pateretur</span> <span class='ocrx_word' id='word_1_172' title='bbox 1116 3443 1266 3502; x_wconf 80' lang='lat' dir='ltr'>emeram3</span> 
     </span>
     <span class='ocr_line' id='line_1_29' title="bbox 461 3525 1159 3608; baseline 0.004 -21"><span class='ocrx_word' id='word_1_173' title='bbox 461 3525 602 3607; x_wconf 86' lang='lat' dir='ltr'>Namque</span> <span class='ocrx_word' id='word_1_174' title='bbox 625 3546 698 3592; x_wconf 87' lang='lat' dir='ltr'>reus</span> <span class='ocrx_word' id='word_1_175' title='bbox 719 3529 890 3608; x_wconf 85' lang='lat' dir='ltr'>majestatis</span> <span class='ocrx_word' id='word_1_176' title='bbox 913 3529 1032 3591; x_wconf 88' lang='lat' dir='ltr'>dicetur</span> <span class='ocrx_word' id='word_1_177' title='bbox 1053 3529 1159 3590; x_wconf 88' lang='lat' dir='ltr'>herilis</span> 
     </span>
     <span class='ocr_line' id='line_1_30' title="bbox 378 3625 1204 3716; baseline 0.005 -26"><span class='ocrx_word' id='word_1_178' title='bbox 378 3625 449 3690; x_wconf 85' lang='lat'>665.</span> <span class='ocrx_word' id='word_1_179' title='bbox 461 3627 503 3690; x_wconf 88' lang='lat' dir='ltr'>Et</span> <span class='ocrx_word' id='word_1_180' title='bbox 523 3630 632 3690; x_wconf 87' lang='lat' dir='ltr'>merito</span> <span class='ocrx_word' id='word_1_181' title='bbox 655 3631 749 3690; x_wconf 87' lang='lat' dir='ltr'>talem</span> <span class='ocrx_word' id='word_1_182' title='bbox 771 3625 887 3712; x_wconf 78' lang='lat' dir='ltr'>patitur</span> <span class='ocrx_word' id='word_1_183' title='bbox 905 3633 970 3714; x_wconf 85' lang='lat' dir='ltr'>jam</span> <span class='ocrx_word' id='word_1_184' title='bbox 992 3633 1204 3716; x_wconf 87' lang='lat' dir='ltr'>suspicionem,</span> 
     </span>
     <span class='ocr_line' id='line_1_31' title="bbox 466 3733 1198 3822; baseline 0.003 -26"><span class='ocrx_word' id='word_1_185' title='bbox 466 3734 529 3806; x_wconf 81' lang='lat' dir='ltr'>Qui</span> <span class='ocrx_word' id='word_1_186' title='bbox 551 3733 636 3816; x_wconf 89' lang='lat' dir='ltr'>cupit</span> <span class='ocrx_word' id='word_1_187' title='bbox 658 3733 784 3809; x_wconf 86' lang='lat' dir='ltr'>insidiis,</span> <span class='ocrx_word' id='word_1_188' title='bbox 808 3736 934 3822; x_wconf 89' lang='lat' dir='ltr'>vulpino</span> <span class='ocrx_word' id='word_1_189' title='bbox 958 3737 1050 3798; x_wconf 89' lang='lat' dir='ltr'>corde</span> <span class='ocrx_word' id='word_1_190' title='bbox 1072 3739 1198 3820; x_wconf 88' lang='lat' dir='ltr'>peratis,</span> 
     </span>
     <span class='ocr_line' id='line_1_32' title="bbox 466 3836 1183 3924; baseline 0.008 -26"><span class='ocrx_word' id='word_1_191' title='bbox 466 3838 589 3900; x_wconf 89' lang='lat' dir='ltr'>Prolem</span> <span class='ocrx_word' id='word_1_192' title='bbox 612 3836 754 3898; x_wconf 85' lang='lat' dir='ltr'>coelestis</span> <span class='ocrx_word' id='word_1_193' title='bbox 778 3838 913 3902; x_wconf 81' lang='lat' dir='ltr'>divinem</span> <span class='ocrx_word' id='word_1_194' title='bbox 934 3841 1066 3924; x_wconf 86' lang='lat' dir='ltr'>perdere</span> <span class='ocrx_word' id='word_1_195' title='bbox 1089 3841 1183 3922; x_wconf 84' lang='lat' dir='ltr'>regis.</span> 
     </span>
     <span class='ocr_line' id='line_1_33' title="bbox 465 3941 1202 4021; baseline 0.004 -18"><span class='ocrx_word' id='word_1_196' title='bbox 465 3941 535 4004; x_wconf 88' lang='lat' dir='ltr'>Hoc</span> <span class='ocrx_word' id='word_1_197' title='bbox 556 3961 629 4006; x_wconf 89' lang='lat' dir='ltr'>nam</span> <span class='ocrx_word' id='word_1_198' title='bbox 650 3944 754 4008; x_wconf 87' lang='lat' dir='ltr'>divino</span> <span class='ocrx_word' id='word_1_199' title='bbox 776 3947 853 4007; x_wconf 87' lang='lat' dir='ltr'>nutu</span> <span class='ocrx_word' id='word_1_200' title='bbox 875 3945 991 4008; x_wconf 86' lang='lat' dir='ltr'>factum</span> <span class='ocrx_word' id='word_1_201' title='bbox 1011 3945 1078 4008; x_wconf 86' lang='lat' dir='ltr'>fore</span> <span class='ocrx_word' id='word_1_202' title='bbox 1101 3946 1202 4021; x_wconf 90' lang='lat' dir='ltr'>credo,</span> 
     </span>
    </p>
   </div>
   <div class='ocr_carea' id='block_1_3' title="bbox 382 4152 561 4162">
    <p class='ocr_par' dir='ltr' id='par_1_3' title="bbox 382 4152 561 4162">
     <span class='ocr_line' id='line_1_34' title="bbox 382 4152 561 4162; baseline 0.006 -1"><span class='ocrx_word' id='word_1_203' title='bbox 382 4152 561 4162; x_wconf 57' lang='lat' dir='ltr'>-a--n--u-n</span> 
     </span>
    </p>
   </div>
   <div class='ocr_carea' id='block_1_4' title="bbox 407 4285 1352 4344">
    <p class='ocr_par' dir='ltr' id='par_1_4' title="bbox 407 4285 1352 4344">
     <span class='ocr_line' id='line_1_35' title="bbox 407 4285 1352 4344; baseline -0.002 -14"><span class='ocrx_word' id='word_1_204' title='bbox 407 4286 454 4330; x_wconf 69' lang='lat'>631.</span> <span class='ocrx_word' id='word_1_205' title='bbox 471 4285 581 4340; x_wconf 78' lang='lat' dir='ltr'>Salam,</span> <span class='ocrx_word' id='word_1_206' title='bbox 602 4299 683 4343; x_wconf 65' lang='lat' dir='ltr'>oropo,</span> <span class='ocrx_word' id='word_1_207' title='bbox 700 4289 730 4333; x_wconf 83' lang='grc' dir='ltr'>Μ.</span> <span class='ocrx_word' id='word_1_208' title='bbox 764 4288 811 4331; x_wconf 69' lang='lat'>648.</span> <span class='ocrx_word' id='word_1_209' title='bbox 834 4291 855 4330; x_wconf 79' lang='lat' dir='ltr'>tn</span> <span class='ocrx_word' id='word_1_210' title='bbox 871 4289 965 4343; x_wconf 59' lang='lat' dir='ltr'>liores,</span> <span class='ocrx_word' id='word_1_211' title='bbox 980 4289 1010 4336; x_wconf 76' lang='grc' dir='ltr'>Μ.</span> <span class='ocrx_word' id='word_1_212' title='bbox 1037 4287 1205 4340; x_wconf 58' lang='lat' dir='ltr'>fidejussio,</span> <span class='ocrx_word' id='word_1_213' title='bbox 1221 4299 1307 4344; x_wconf 70' lang='lat' dir='ltr'>ampo,</span> <span class='ocrx_word' id='word_1_214' title='bbox 1323 4287 1352 4333; x_wconf 82' lang='grc' dir='ltr'>Μ.</span> 
     </span>
    </p>
   </div>
   <div class='ocr_carea' id='block_1_5' title="bbox 0 0 1522 4982">
    <p class='ocr_par' dir='ltr' id='par_1_5' title="bbox 0 0 1522 4982">
     <span class='ocr_line' id='line_1_36' title="bbox 0 0 1522 4982; baseline 0 0"><span class='ocrx_word' id='word_1_215' title='bbox 0 0 1522 4982; x_wconf 95' lang='lat' dir='ltr'> </span> 
     </span>
    </p>
   </div>
  </div>
 </body>
</html>
