3048 4980
791 517 1030 588 -316-

479 700 679 784 Suspendens
701 699 850 781 quosdam
871 699 957 779 ligno
978 696 1119 780 reprobis
1141 698 1294 779 reparato,

479 805 636 878 Quosdam
656 804 696 865 de
718 803 818 886 patria
839 802 989 864 mandans
1011 801 1172 864 disoedmc
1194 819 1275 862 cara

1502 1169 1503 1204 t

394 975 466 1041 275.
480 979 539 1040 His
560 980 641 1042 bene
664 977 820 1059 dispositis
842 976 927 1056 regis
946 977 1036 1058 jussu
1059 973 1218 1056 sapientis,

478 1081 612 1144 Protulit
633 1081 752 1162 antiqui
772 1100 897 1142 rursum
918 1079 999 1142 mola
1028 1079 1114 1140 fraus
1136 1077 1249 1138 inimici

432 1197 437 1208 “
479 1185 648 1248 Inventum
669 1184 796 1246 sceleris
818 1183 916 1266 primo
938 1201 1031 1262 mage
1053 1181 1226 1256 deterioris,

480 1287 606 1351 Cunctis
628 1288 817 1350 horrendum
839 1288 931 1348 seclis
952 1285 1124 1366 meritoque
1146 1269 1348 1366 stupendum(

479 1391 620 1473 Denique
640 1392 818 1474 praedictus
839 1401 1002 1473 postquam
1022 1389 1147 1450 rediens
1168 1387 1372 1450 Evurhardus'

395 1492 467 1558 280.
480 1495 613 1556 Praenes
635 1497 673 1556 ab
697 1496 799 1570 exilio,
821 1495 952 1576 patriam
973 1495 1132 1556 remeabat
1152 1492 1323 1568 amandam,

479 1598 548 1661 Hoc
570 1599 628 1659 sibi
650 1599 783 1678 gratiola
804 1599 889 1678 regis
911 1600 1090 1681 praestanto
1113 1597 1263 1676 benigna,

485 1699 663 1764 Gislberhto
686 1702 789 1763 comiti
810 1702 921 1764 vinclis
943 1703 1077 1765 sociatus
1097 1700 1218 1775 amoris,

481 1803 648 1866 Consilium
670 1805 809 1879 dederat,
832 1805 915 1886 quod
936 1826 996 1867 non
1018 1806 1075 1867 tibi
1096 1803 1218 1867 Christe
1240 1805 1391 1886 placebat!
1502 1795 1503 1798 '

480 1908 524 1972 Ut
545 1912 694 1990 caperent
711 1911 829 1991 justum
850 1929 959 1988 regem
979 1909 1101 1970 Domini
1122 1907 1328 1983 benedictum,

394 2007 468 2074 285.
482 2010 524 2073 Et
545 2012 627 2093 quod
648 2013 729 2096 plus,
749 2015 834 2094 justo
856 2032 917 2074 non
937 2013 1054 2093 justam
1074 2012 1138 2074 vim
1159 2011 1309 2086 iaciendo,

480 2115 574 2175 Illum
595 2136 669 2177 mox
690 2117 813 2198 proprio
836 2116 1036 2198 deprivarent
1057 2117 1137 2176 male
1159 2134 1266 2194 regno.

479 2217 548 2280 Hoc
571 2238 692 2299 quoquo
715 2218 883 2294 consilium,
906 2237 1056 2301 perversa
1077 2221 1181 2301 mente
1203 2220 1367 2300 repertum,

474 2320 614 2392 ‚Henrico
637 2322 722 2401 regis
744 2323 833 2384 fratri
855 2341 982 2385 suasere
1004 2322 1122 2396 fideles,

477 2421 652 2486 Mulcentes
674 2425 798 2486 nimium
822 2426 926 2487 verbis
948 2426 1048 2506 ipsum
1069 2426 1149 2488 mals
1171 2425 1301 2499 blandis,

392 2522 464 2588 290.
478 2525 547 2597 Quo
570 2527 655 2608 prius
678 2528 797 2590 illatum
818 2529 915 2590 nollet
933 2528 998 2610 jam
1019 2529 1152 2590 reddere
1176 2529 1327 2603 damnum,

482 2629 626 2710 Ipsorum
648 2631 728 2692 votis
750 2633 806 2693 sed
827 2633 898 2714 plus
918 2634 1056 2712 parando
1078 2633 1230 2708 nefandis

479 2731 657 2815 susciperet
679 2754 820 2815 regnum,
843 2736 974 2816 depulso
995 2735 1103 2810 fratre,
1124 2737 1303 2816 regendum.

480 2834 541 2905 Qui
562 2838 642 2898 male
666 2839 812 2900 blanditis
835 2840 959 2933 tandem
980 2841 1083 2901 rictus
1106 2837 1249 2914 suadelis,

476 2937 538 2999 Pro
561 2939 663 3002 dolor!
686 2942 824 3022 ipsorum
845 2962 879 3004 se
901 2943 1042 3024 promisit
1063 2943 1130 3004 fore
1153 2945 1327 3024 promptum
1365 3016 1373 3026 ..

395 3035 467 3102 295.
480 3039 581 3115 Votis,
604 3061 640 3104 ac
662 3044 756 3106 firmis
779 3046 837 3107 hoo
860 3047 1097 3108 confirmaverat
1118 3045 1208 3123 orsis3

479 3142 542 3206 Sed
564 3165 655 3226 spero
679 3155 771 3223 certe,
795 3169 856 3210 non
878 3169 913 3210 se
936 3150 980 3210 sic
1003 3150 1095 3211 corde
1117 3153 1235 3225 tenere,

477 3247 545 3308 Illis
568 3268 751 3311 consensum
774 3252 829 3312 sed
851 3252 884 3313 ri
905 3254 1057 3334 praebere
1081 3256 1227 3315 coactum.

481 3350 542 3421 Qui
564 3353 644 3415 malc
666 3373 798 3434 namque
821 3355 888 3438 spei
909 3374 1027 3418 vacuae
1050 3358 1198 3419 solamine
1222 3357 1311 3439 capti,

478 3453 653 3536 Sperabant
673 3477 781 3536 regem
803 3461 932 3540 populos
956 3460 1027 3522 olim
1047 3461 1254 3524 dominantem

392 3553 463 3618 300.
478 3557 622 3639 Ipsorum
643 3560 748 3640 fragili
770 3561 858 3624 eitius
881 3565 1070 3644 subjungere
1088 3565 1167 3645 juri;

479 3659 542 3722 Sed
563 3683 623 3724 rex
645 3663 683 3724 de
707 3665 809 3740 ecelis,
828 3666 929 3746 judex
950 3668 1152 3747 aequissimus
1175 3668 1265 3743 orbis,

477 3761 664 3826 Cunctorum
686 3767 769 3830 solus
792 3769 844 3848 qui
867 3771 1025 3849 cognoscit
1047 3771 1200 3852 cogitatus

416 4035 463 4078 272.
478 4034 723 4091 laetaremini,
744 4038 775 4083 Μ.
796 4051 818 4082 u.
833 4039 857 4081 P.
885 4041 1167 4095 dll.deterlores‚b{.
1187 4055 1210 4084 u.
1229 4055 1301 4096 urspr.
1321 4041 1407 4084 anrbl’.

476 4106 524 4148 2⁷8,
538 4105 616 4147 rell·
634 4108 690 4148 stult
710 4108 809 4162 seclis,
825 4109 855 4149 Μ.
869 4121 890 4150 u.
907 4110 932 4151 P.
957 4112 1005 4154 280.
1020 4112 1155 4164 renuebat,
1170 4113 1201 4156 Μ.
1216 4125 1238 4154 rr.
1257 4114 1295 4170 1³.;
1318 4115 1362 4158 Μ,
1375 4112 1408 4153 Gl-

476 4174 622 4229 ostertbo,
637 4176 678 4234 P.;
695 4176 848 4231 (lieberto,
864 4179 888 4220 c.
902 4191 924 4220 u.
938 4179 978 4236 S.;
994 4181 1139 4236 (inverte,
1153 4181 1179 4223 R.
1205 4183 1251 4228 291.
1265 4182 1407 4238 parcendo,

475 4243 500 4286 P.
527 4245 574 4289 299.
589 4246 723 4300 populls,
740 4246 773 4302 c.‚
785 4247 812 4289 R·
825 4259 846 4290 u.
861 4247 885 4293 S.
