3006 4980
485 519 698 592 ...91η

209 697 301 768 aaa
322 701 394 784 pest
414 699 551 769 triduam
570 722 680 768 rursus
701 702 849 771 veniebat
869 703 908 768 ad
930 701 1025 781 illum,

170 806 207 867 In
229 807 300 868 risu
321 807 433 870 veniae
453 827 564 870 munus
586 829 732 872 reserans
752 811 925 891 reparatae,

164 910 204 972 Et
224 912 315 974 vultu
336 911 418 974 laeto
442 913 631 995 deprompsit
653 915 726 975 talia
749 915 886 976 rerba2·

85 1010 148 1075 350.
164 1013 231 1090 „En
250 1015 289 1076 tis
310 1014 360 1079 vir
372 1016 503 1090 Domini,
524 1017 622 1080 tristis
644 1017 827 1099 oonpuneb'o
851 1017 951 1080 sordis

166 1119 242 1193 „Est
264 1123 392 1201 accepta
413 1119 488 1195 Deo,
510 1121 653 1202 patrique
674 1121 815 1204 prolique
840 1121 979 1203 perenni,

167 1222 291 1302 „Atque
313 1225 386 1284 tuae
399 1217 553 1288 'lacrimae
575 1225 731 1288 scelerum
752 1226 876 1289 veniam
894 1243 1045 1290 meruere.

162 1325 246 1402 „Sed
267 1347 326 1388 nee
347 1327 492 1390 tartareis
514 1329 622 1409 poenis
647 1348 791 1409 umquam
813 1329 952 1410 capieris,
1030 1375 1035 1390 ,
1086 1355 1089 1364 ’

165 1429 217 1505 „Si
238 1434 312 1512 post
333 1431 411 1492 haee
433 1435 575 1513 perstare
599 1434 684 1514 eupis
707 1433 774 1496 eine
797 1433 906 1499 fraude
927 1431 1056 1497 fidelisf‘

88 1529 149 1594 355.
162 1533 235 1615 lpse
258 1535 382 1614 quidem
403 1539 511 1598 eontra
532 1556 605 1598 mox
627 1537 749 1598 dicebat
770 1558 863 1618 prece
886 1537 1014 1600 blanda:

166 1636 279 1713 „Certe
301 1641 432 1702 servabo
455 1658 564 1702 sacrae
584 1641 657 1702 fidei
679 1641 862 1702 documenta

161 1741 246 1816 ‚,Nee
268 1743 436 1822 posthaec
458 1744 540 1804 ultra
561 1745 641 1806 mala
663 1745 887 1823 transgredior,
908 1743 1105 1822 neglegendo

164 1845 357 1926 „Quicquam
379 1847 418 1908 de
441 1848 564 1922 vestris,
593 1867 662 1908 mea
683 1849 794 1910 domna
815 1848 960 1929 piissima,
980 1846 1092 1926 jussis·

161 1949 224 2026 „Te
248 1951 320 2030 quia
342 1954 412 2032 post
433 1951 596 2016 Dominum
619 1952 716 2014 solam
744 1951 886 2014 eonferre
909 1951 1061 2016 medelam

88 2049 151 2114 360.
165 2053 294 2135 „Spera
316 2075 376 2134 quo
397 2056 505 2136 poenis
527 2055 683 2136 pabulum,
705 2075 766 2116 non
788 2058 915 2128 tartara,
937 2053 1045 2114 mavis.

162 2156 242 2233 „Sed
264 2179 326 2222 non
348 2159 536 2233 mimirum,
559 2179 616 2240 per
639 2162 670 2220 te
692 2178 741 2220 me
760 2160 826 2239 jam
840 2159 906 2218 lore
929 2158 1057 2231 salvam,

162 2261 240 2336 „Per
262 2281 358 2342 quam
380 2263 419 2324 de
440 2262 557 2325 veteris
579 2263 665 2324 letali
687 2261 813 2326 erimine
835 2261 943 2323 matris

161 2363 316 2440 „Omnem
336 2367 430 2428 dante
444 2366 519 2442 Deo,
541 2367 690 2428 mundum
711 2368 798 2447 patet
820 2385 890 2426 esse
914 2365 1059 2438 solutum,

163 2467 221 2544 „Et
243 2469 320 2549 quis,
342 2473 525 2552 tepescens
547 2491 612 2552 ape,
634 2490 696 2532 non
717 2469 869 2549 dubiaque
891 2467 1063 2548 requirens,

90 2566 331 2646 365.‚,1›esertus
353 2574 467 2647 luerat
486 2575 543 2636 vel»
561 2575 707 2636 confusus
728 2574 911 2634 remeabat?

161 2675 259 2751 „Hine
282 2697 351 2756 ego,
373 2677 549 2741 criminibus
572 2679 627 2740 sat
639 2677 791 2758 supremis
813 2677 949 2750 vitiatus,

162 2779 368 2862 „Suppliciter
389 2782 504 2842 lentem
526 2780 761 2842 devotamenta
782 2791 977 2861 perennem

161 2883 270 2959 „Alma
291 2885 350 2946 Dei
370 2885 517 2964 genitrix,
539 2903 635 2948 exoro
656 2887 729 2948 tuae
750 2884 883 2966 pietatis,

160 2986 219 3063 „Ut
241 2989 337 3049 laeias
360 2989 604 3051 chartaeliteras
617 2987 766 3068 extimplo
785 2987 948 3061 nefandae,

88 3084 256 3167 370.‚‚Quis
277 3112 327 3154 me
351 3091 498 3173 subjunxi
518 3092 684 3153 vastatoris
706 3091 821 3164 ditioni,

160 3195 254 3276 „Ejus
274 3197 314 3256 de
334 3197 476 3258 manibus
499 3195 645 3256 miserum
665 3216 714 3258 me
735 3213 858 3256 sumere
880 3211 1012 3266 rursum,

157 3296 257 3375 „Hire
277 3299 410 3362 animam
432 3298 561 3360 formido
581 3317 682 3364 meam
703 3299 773 3379 qaia
794 3300 874 3360 sorte
895 3295 1046 3358 misellam

158 3402 328 3484 „Tempore
344 3403 452 3484 judieii
472 3403 568 3464 multo
590 3402 765 3466 discrimina
785 3400 875 3474 laedi,

158 3505 210 3581 „si
230 3525 311 3569 nune
331 3505 482 3588 praedoni
503 3526 564 3568 non
585 3512 633 3567 est
653 3508 808 3568 abstracta
820 3502 943 3566 semeit‘
1010 3560 1014 3568 .

87 3601 147 3668 375.
202 3609 261 3672 His
281 3610 380 3684 dietis,
403 3610 501 3672 oeulis
520 3610 633 3672 iterum
653 3609 803 3689 vigilabat
823 3607 940 3688 apertis

156 3711 197 3774 Et
217 3733 252 3773 se
273 3713 647 3793 prosternens.·preaibas,
669 3714 779 3774 erebro
802 3730 922 3791 quoque
944 3707 1070 3783 deflens,

158 3814 329 3896 Jejurande
344 3816 443 3878 trium
465 3835 574 3878 eureus
595 3816 741 3896 agitergo
761 3815 889 3878 dierum.

156 3916 228 3980 Post
248 3920 325 3980 haee
347 3939 367 3978 e
384 3939 488 3981 somno
510 3939 579 3980 eum
600 3920 737 3982 surrexit
757 3937 847 3980 mane
869 3935 995 3991 summo,
1067 3959 1071 3964 -

90 4043 255 4058 ⁸——u—

102 4097 327 4164 llb'verlebant,
341 4109 371 4152 al.
387 4123 409 4154 a.
426 4111 450 4155 P.
472 4111 518 4157 357.
535 4089 751 4176 tretrapredlar,
767 4111 788 4152 C.
803 4108 859 4154 u.S.
874 4109 920 4153 362.
935 4107 1047 4148 laetari
1062 4105 1102 4145 Ul·

156 4179 223 4232 mlne,
247 4179 277 4220 Μ.
291 4195 311 4222 u.
335 4181 359 4224 Ρ.
387 4177 593 4237 manerem.
607 4196 629 4225 n.
645 4183 669 4227 P.
694 4181 739 4228 alu.
756 4182 900 4233 vastaris,
918 4178 987 4220 bau.
1002 4175 1026 4217 P.
1054 4175 1100 4218 3l8.

166 4253 318 4307 consumit,
334 4249 356 4293 c.
376 4263 396 4298 a,
415 4249 438 4296 S.
