3022 4982
769 521 983 587 ...52-

495 695 681 760 Circumfert
701 679 835 760 lubricus
858 701 951 779 atque
972 717 1071 778 vegos
1094 699 1208 773 oeulos,
1323 741 1327 748 .

453 801 619 883 Inquirens
641 803 793 878 baculum,
815 806 920 864 terrae
941 805 1080 883 tempore
1103 801 1266 884 sepultum,

493 904 537 968 Et
555 909 679 967 nactum
700 907 807 968 tractis
829 905 959 988 arripuit
980 905 1094 985 digitis,

368 1006 439 1072 245.
455 1007 663 1090 Extraxitqne
687 1011 760 1087 solo,
781 1027 879 1092 parra
900 1014 1080 1072 remanente
1103 1027 1247 1071 caverna.

494 1113 569 1175 Post
591 1115 668 1176 haee
689 1115 887 1196 conspicuum
908 1117 943 1176 ut
964 1113 1054 1176 fieret
1075 1114 1198 1176 titulum
1320 1157 1324 1164 -

450 1214 542 1278 Certo
565 1239 624 1298 quo
646 1219 728 1280 iaetu
751 1217 862 1280 cecidit
884 1218 1036 1280 nubecula
1058 1235 1165 1301 parva,

494 1321 583 1393 Quae
604 1323 738 1384 volitans
761 1341 836 1384 aure
857 1325 929 1384 ente
954 1322 1013 1384 suit
1034 1337 1141 1398 vacue,

447 1425 571 1488 Evomit
592 1431 624 1488 et
645 1427 787 1501 tumidas,
807 1427 874 1509 ipso
895 1426 1034 1508 disrupte
1055 1426 1174 1501 locello,

364 1524 436 1590 250.
495 1529 602 1594 Undes
624 1531 807 1614 praescripti
828 1530 962 1611 denique
982 1530 1132 1604 fonticuli,

446 1633 611 1697 Mansuras
633 1637 793 1697 scatebrae
814 1654 912 1696 venas
935 1651 1057 1716 quoque
1078 1633 1147 1696 finit
1168 1649 1311 1714 aquosae,

493 1737 626 1820 Virgula
647 1737 788 1821 praefixe
811 1757 871 1828 quo
893 1739 951 1800 suit
972 1738 1095 1818 exigue.

445 1843 488 1904 At
510 1863 588 1925 puer
610 1844 768 1925 obstupuit
788 1861 956 1923 vocemque
978 1861 1035 1924 per
1056 1847 1129 1904 stirs
1151 1842 1280 1924 spargit,

493 1945 633 2008 Suadens
654 1947 801 2009 militrluus
822 1945 917 2008 affore
936 1948 1001 2028 jam
1024 1947 1123 2022 eitius,

359 2045 432 2113 255.
449 2048 516 2111 illis
539 2056 631 2133 etque
653 2049 727 2113 nori
748 2051 887 2114 narravit
909 2051 1022 2131 gaudis
1044 2051 1134 2130 signi,

432 2159 440 2168 '
490 2155 579 2228 Quae
601 2171 660 2217 rex
681 2153 806 2217 militiae
832 2155 939 2217 annuit
959 2154 1127 2234 angelicae.

443 2259 524 2322 Dum
546 2259 646 2321 subito
669 2259 780 2334 cuncti,
803 2262 888 2321 teuto
911 2258 1000 2338 siguo
1022 2258 1207 2332 tremefacti,
1274 2286 1279 2300 ¹

490 2364 615 2426 Tolluut
636 2363 784 2425 mirantes
807 2363 847 2425 ad
869 2381 998 2444 superos
1020 2362 1126 2438 facies,

439 2469 658 2551 Expeusisque
681 2468 744 2530 suis
766 2485 872 2529 omnes
894 2467 934 2528 ud
956 2465 1059 2527 sidera
1081 2465 1199 2548 palmis,

353 2568 425 2634 260.
482 2571 623 2635 Lauduur
645 2570 815 2633 carminula
836 2570 1020 2633 concinuere
1040 2569 1115 2646 Deo,

439 2675 521 2738 Eece
543 2676 698 2760 palatinus
719 2675 842 2759 pelvem
863 2674 1003 2736 menibus
1025 2673 1097 2736 tulit
1118 2693 1207 2750 uuus,

477 2777 627 2861 Implevit
647 2779 773 2862 lympha
796 2799 887 2860 quem
909 2779 968 2841 tito
992 2777 1164 2860 eonspieus,

437 2880 532 2946 Laeto
555 2880 743 2963 Gongolfum
764 2884 852 2945 vultu
873 2903 994 2964 quoque
1016 2881 1121 2964 pergit
1143 2880 1182 2943 sd
1205 2881 1326 2955 almum,

483 2986 526 3050 Ut
548 2987 670 3050 sibimet
691 2986 813 3068 siguum
835 2985 952 3049 diceret
972 2987 1144 3063 insolitum·
1314 2997 1320 3008 '

349 3085 479 3152 ttulit
467 3093 614 3164 storum
637 3093 722 3153 tanto
745 3091 915 3153 subsistens
938 3093 1040 3152 fronte
1063 3107 1174 3151 serens
1263 3085 1267 3094 ’

479 3192 622 3270 Consule,
644 3194 684 3256 de
705 3195 806 3257 rostro
827 3195 905 3257 haec
928 3195 1015 3256 dedit
1035 3193 1180 3275 egregio·

508 3297 652 3375 „Laetus
670 3300 726 3375 nit,
749 3299 858 3361 merito
879 3315 981 3361 sumas
1004 3297 1161 3360 rarissime
1184 3298 1273 3375 done,

475 3404 582 3478 „Quae
604 3403 659 3464 tibi
681 3421 742 3464 nou
764 3406 849 3464 terre
870 3401 999 3465 eontulit
1020 3402 1143 3482 exigua,

430 3504 512 3581 „Sed
533 3526 592 3567 rex
614 3507 681 3588 ipse
703 3507 765 3589 poli
787 3525 903 3568 summo
926 3506 965 3567 de
987 3506 1105 3568 vertite
1129 3506 1207 3568 coeli

344 3602 415 3669 270.
476 3607 558 3684 „Per
579 3610 668 3671 uubis
690 3609 800 3671 mirum
815 3611 941 3672 miserat
963 3611 1104 3674 officium.

428 3709 528 3788 „Hine
550 3733 606 3775 nos
628 3713 777 3775 laetitiam
798 3716 918 3776 constat
939 3733 1022 3776 nune
1043 3733 1173 3796 serpere
1193 3721 1349 3794 magnam,
1398 3749 1404 3754 -

467 3811 622 3892 „Sortitus
640 3820 759 3880 ‘mutam
781 3837 815 3879 es
838 3819 909 3899 quia
930 3818 1118 3898 gloriolam.“

424 3919 530 3984 Illioet
551 3941 569 3982 e
592 3925 699 3985 eontra
720 3922 802 3984 latur
825 3922 890 3984 dux
912 3941 966 3984 ore
988 3943 1108 3997 sereno,

360 4121 528 4170 tttuwtl
536 4123 673 4180 reum
675 4127 846 4174 ..sturme
852 4129 969 4170 ιιιιιιιι
973 4123 1209 4181 ‚siswilre
1183 4087 1371 4181 :eraserim

419 4178 821 4252 ιιιιιιΜἫΡίιιιιΜῐιι
828 4155 1086 4254 urget
1074 4195 1268 4247 wunnerus]
1223 4197 1373 4252 ιιιιι.ιιι,ο

415 4265 823 4322 msfflsrlwmsup
812 4269 914 4324 q
902 4268 993 4311 c
996 4265 1038 4314 s
