3022 4982
500 547 717 620 ....11...
843 509 861 530 ”

184 745 247 824 „Te
271 744 343 830 qnia
360 745 518 830 despexit,
541 747 655 810 sobolis
677 767 747 810 oum
768 745 850 810 done
870 746 1029 828 regerit.“
1116 768 1119 786 ·

226 851 297 914 Non
320 852 407 915 dedit
428 871 446 916 e
468 855 575 916 eontra
595 855 726 916 verbum
747 854 796 915 vir
817 852 928 918 nobilis
949 851 1054 927 nilum,

107 953 151 1020 95.
184 956 247 1019 Sed
269 977 412 1018 moerens
434 957 509 1020 obiit
531 957 626 1021 silvas
649 959 808 1038 tristisque
829 957 948 1038 petivit,

183 1061 222 1124 In
245 1061 314 1143 quis
337 1035 430 1144 saepe
453 1079 583 1142 gregem
605 1062 767 1124 oonsnsvit
787 1080 916 1144 pssoere
937 1059 1065 1142 pridem,

185 1166 241 1242 Ao,
263 1166 296 1228 in
317 1166 517 1248 longinquam
538 1187 674 1248 pergens
695 1185 753 1248 per
775 1166 865 1228 devio
886 1167 1010 1240 terrem,
1140 1199 1148 1216 ·

183 1271 292 1352 Ipsum
315 1291 384 1332 oum
405 1271 537 1354 propriis
559 1291 665 1332 seeum
687 1271 826 1334 ducendo
847 1269 1014 1350 magistris,

183 1375 244 1437 Hie
265 1375 297 1436 in
319 1375 448 1436 seeretis
470 1375 572 1436 latitat
592 1377 748 1456 pascendo
769 1375 895 1437 latebris

106 1477 168 1541 100.
179 1479 246 1542 Nee
267 1482 339 1562 post
361 1479 400 1540 ad
421 1479 559 1560 patriam¹
573 1479 690 1560 placuit
711 1499 850 1541 remeare
872 1479 1020 1552 relictam,

75 1640 78 1646 .
184 1583 300 1646 Passus
321 1603 454 1664 namque
477 1603 606 1664 gravem
629 1587 750 1645 secreta
771 1585 874 1644 mente
895 1583 1045 1664 pudorem

183 1685 235 1750 Ex
256 1686 369 1750 Ruben
390 1688 511 1762 verbis,
534 1689 586 1769 qni
608 1709 649 1750 se
665 1693 825 1764 sensatur,
848 1687 967 1749 amaris.

225 1789 320 1872 anns
341 1794 485 1874 percerte
508 1771 580 1874 post
598 1811 723 1854 menses
744 1793 861 1875 inclyta
883 1791 1017 1872 quinque
1111 1835 1113 1840 -

182 1893 321 1978 Oonjux,
344 1895 531 1976 desperans,
552 1896 640 1958 illum
658 1898 723 1978 jam
742 1898 850 1958 vivere
874 1897 1002 1972 salvum,

109 1995 172 2060 105.
182 1997 220 2060 In
243 2000 325 2060 soles
343 1999 430 2061 flevit
450 2021 512 2061 neo
532 2001 669 2062 solamen
692 2001 749 2062 sibi
772 2001 871 2076 seivit,

180 2101 308 2183 Hasque
330 2121 441 2184 preoes
464 2105 584 2166 domino
606 2103 743 2186 profudit
764 2106 853 2166 triste
876 2096 1050 2165 dolendo:¹

182 2204 348 2282 „israhelis
370 2211 482 2283 reotor,
507 2210 594 2270 solus
616 2225 736 2288 quoqne
760 2209 862 2288 gentis
885 2209 1011 2282 ametor,

182 2310 263 2386 „Qui
286 2329 408 2393 semper
430 2313 555 2374 refoves
577 2313 642 2374 miti
664 2313 780 2393 pietate
803 2311 952 2385 dolentes,

181 2411 263 2490 „Cur
284 2415 422 2478 mihimet
443 2416 560 2504 sosium
580 2417 707 2478 voluisti
728 2415 839 2478 tollere
862 2433 978 2490 earum,

108 2515 169 2580 110.
181 2517 328 2594 „Addens
350 2539 521 2582 moerorem
544 2521 624 2582 tristi
647 2539 832 2602 semperque
855 2518 979 2594 dolenti,

181 2622 289 2698 „Quae
312 2639 434 2706 semper
456 2625 571 2688 sterilis
592 2624 691 2686 mansi
713 2624 779 2684 sine
808 2623 947 2703 germine
978 2620 1124 2684 ventris?

180 2724 262 2800 „Sed
283 2746 366 2788 nuno
386 2730 511 2810 majoris
534 2729 648 2790 vulnus
671 2729 792 2810 suspiro
816 2727 938 2802 doloris,

181 2828 276 2906 „Hos
299 2831 371 2911 qnia
392 2852 451 2893 neo
473 2833 605 2915 penitns,
629 2833 701 2912 quid
724 2833 889 2908 oonierret7
912 2831 983 2905 seio,
1006 2849 1097 2892 ossus

178 2933 307 3014 ,Jregali
329 2934 459 3012 domino,
482 2937 594 2998 devoto
616 2936 697 3016 legis
720 2936 824 2998 amieo.

107 3031 167 3099 115.
178 3037 224 3113 „0
245 3057 295 3100 me
317 3039 447 3116 felioem,
471 3041 498 3102 si
520 3041 630 3102 saltem
651 3059 781 3102 nosoere
803 3055 934 3122 possem,

181 3140 311 3218 „Utrum
331 3163 413 3204 mors
435 3143 523 3206 illum
545 3145 645 3206 subito
668 3146 809 3207 sorberet
835 3163 948 3219 amara,

177 3245 245 3321 „An
268 3247 426 3308 frueretur
447 3247 548 3310 adhue
570 3249 670 3310 solida
691 3249 828 3310 ritaliter
850 3252 946 3310 aure!

175 3347 288 3425 ,sero
311 3351 338 3412 si
359 3350 479 3426 soirem,
501 3371 563 3414 non
582 3355 633 3435 jus
655 3353 804 3414 moeroris
826 3353 980 3425 haberem,
1020 3385 1024 3393 ·
1103 3379 1105 3386 ·

176 3452 328 3529 „Tantum
350 3473 420 3516 oum
441 3457 579 3519 tenebris
600 3457 656 3518 leti
678 3458 896 3520 subcumberet
917 3455 1002 3531 atris,

105 3551 302 3632 120.‚‚Funus
325 3559 381 3620 sed
404 3579 521 3622 summa
543 3562 676 3623 ooierem
697 3561 876 3643 praenobile
898 3561 1026 3642 pompe,'

176 3659 318 3744 „Inolyto
339 3665 493 3744 condigno
515 3665 706 3728 committens
727 3667 864 3728 membra
886 3663 1058 3748 sepulohro.

219 3765 280 3828 His
300 3767 343 3844 its
365 3768 469 3844 finitis,
492 3769 620 3831 subistis
643 3769 742 3831 cernit
766 3769 871 3831 ooeiiis
924 3799 928 3812 ν

178 3867 215 3930 In
237 3871 330 3932 ramis
353 3871 433 3934 lauri
454 3876 637 3936 resonantes
657 3891 814 3935 murmure
836 3874 919 3936 dulei
1023 3903 1026 3910 ·

177 3972 281 4036 Pullos
303 3975 484 4058 plumigeris
507 3978 650 4040 volueres
672 3977 862 4040 oironmdore
890 3975 1008 4060 pennis.

104 4140 268 4156 *⁸*—

129 4241 278 4302 mmsis·
294 4247 327 4300 0.,
348 4245 451 4301 liuius,
466 4247 489 4290 S.
519 4245 784 4302 1¹1.Quod‚c.o.sy
817 4247 1035 4301 llt.Dontni,S.

131 4313 166 4355 12⁰.
181 4316 279 4373 coiere,
295 4317 335 4374 M3
350 4319 375 4360 Ρ.
390 4319 493 4372 corrigio
506 4319 529 4360 in
544 4319 682 4365 tolerem.
899 4335 900 4342 ¹
