3048 4980
758 513 996 580 ..353-

444 691 537 764 Quod
558 691 765 774 protoplastes
787 689 997 770 degustavere
1019 689 1174 770 parentes,

362 793 434 860 540.
448 794 584 858 Exuitur
605 795 755 875 membris
772 795 879 856 limoso
900 797 1030 856 stamme
1053 793 1157 868 textis,

446 900 529 963 Proh
551 899 652 962 dolor!
674 903 768 980 atque
789 897 868 959 seris
890 897 1001 960 elausit
1021 915 1078 959 sua
1100 897 1215 959 lumina
1236 897 1352 974 mortis,

449 1002 546 1068 Coetu
567 1011 742 1066 nostrarum
765 1001 1018 1064 circumvallante
1038 1019 1180 1062 sororum

446 1107 600 1170 Pernimio
624 1107 725 1168 domni
746 1105 822 1168 fletu
843 1105 957 1168 lectum
978 1105 1125 1167 morituri.

449 1209 543 1293 Cujus
565 1211 605 1272 ad
627 1210 778 1292 exequias
800 1229 917 1272 summo
938 1209 1011 1272 nisu
1033 1207 1234 1270 celebrandas

362 1311 434 1376 545.
451 1313 595 1395 Undique
616 1317 772 1376 nostrates
794 1313 1011 1376 confluxerunt
1032 1313 1237 1387 lacrimantes,

448 1418 552 1500 Atque
574 1418 622 1480 sui
643 1417 739 1480 letum
761 1419 825 1480 cari
846 1417 975 1480 senioris
997 1435 1134 1479 amarum

447 1519 562 1582 Omnes
583 1521 742 1582 inmodicis
763 1522 881 1603 pariter
902 1521 1018 1582 flevere
1040 1521 1190 1582 lamentis.

448 1622 511 1686 Sed
532 1624 648 1686 luctum
670 1645 842 1706 procerum,
863 1626 952 1706 vulgi
973 1625 1152 1707 pariterque
1173 1625 1348 1697 lamentum,

447 1726 531 1789 Vicit
551 1746 723 1790 nonnarum
744 1728 919 1790 miseranda
941 1729 1068 1809 querela
1090 1746 1231 1805 suarum3

362 1826 433 1892 550.
448 1829 535 1901 Quae
557 1849 614 1912 pro
637 1831 761 1893 defectu
784 1831 896 1893 mentis
918 1832 1007 1893 solito
1028 1831 1187 1892 muliebris

448 1933 565 1995 Vivere
588 1939 780 2016 spernentes,
807 1936 957 2018 eitinsque
979 1935 1056 1996 mori
1079 1935 1246 2016 cupientes,

446 2035 484 2098 In
506 2037 693 2100 lacrimando
715 2039 838 2099 modum
858 2039 1026 2101 voluerunt
1046 2058 1163 2120 ponere
1185 2039 1312 2100 nullum.

447 2139 529 2200 Hinc
550 2141 647 2222 patris
671 2143 809 2222 ejusdem
831 2141 896 2202 cari
917 2141 1091 2223 dominique
1111 2141 1239 2222 benigni

448 2241 567 2326 Corpus
589 2245 803 2326 pertriduum
825 2247 1052 2307 conservabant
1073 2245 1271 2320 inhumatum,

361 2342 433 2408 555.
446 2343 510 2408 Ceu
532 2367 602 2409 sese
623 2349 756 2410 lacrimis
777 2351 942 2430 sperarent
963 2368 1053 2432 posse
1075 2349 1188 2410 refusis

446 2448 585 2513 Extincti
606 2451 712 2514 flatum
735 2452 824 2516 citius
846 2471 995 2514 revocare
1015 2451 1187 2514 reductum.

448 2553 585 2616 Tandem
608 2557 767 2618 consilium
789 2556 913 2638 sapiens
936 2557 1011 2617 satis
1034 2555 1252 2618 advenientum

446 2656 626 2720 Decernens
646 2679 746 2721 vanae
769 2661 836 2742 spei
859 2661 973 2722 debere
995 2659 1096 2733 reniti,

448 2759 541 2822 Ocius
563 2763 595 2823 in
616 2765 733 2824 tumulo
755 2784 816 2826 non
839 2765 955 2846 absque
979 2764 1084 2825 dolore
1107 2765 1224 2844 parato,

331 2949 334 2955 Ι
363 2860 434 2925 560.
450 2863 511 2926 Sed
525 2867 620 2928 'luctu
641 2868 733 2930 nimio
757 2868 1019 2930 circumstantium
1040 2865 1221 2939 madefacto,

447 2965 587 3030 Membra
610 2971 696 3032 ducis
718 2975 796 3034 tanti
819 2972 912 3053 digne
936 2971 1090 3033 servanda
1111 2969 1208 3033 locari

446 3070 535 3133 Fecit
553 3072 585 3133 in
608 3075 759 3137 ecclesiae
782 3075 891 3150 medio,
915 3093 1007 3156 quam
1029 3077 1189 3136 struxerat
1210 3075 1285 3157 ipse.

445 3172 515 3235 Illic
535 3179 712 3240 nostrarum
734 3178 835 3240 studio
859 3181 998 3240 certante
1021 3197 1169 3252 sororum,

414 3364 416 3368 Ι
449 3274 608 3341 Continuis
630 3283 774 3362 precibus
796 3279 927 3344 dilectus
949 3281 1076 3362 spiritus
1099 3283 1167 3362 ejus

276 3403 284 3414 ·
362 3374 434 3441 565.
452 3378 581 3462 Semper
603 3381 789 3446 celsithroni
811 3383 1041 3446 commendetur
1062 3383 1178 3468 pietati.

447 3483 516 3554 Quo
539 3486 592 3548 det
614 3487 642 3548 ei
663 3489 802 3568 requiem
824 3489 960 3550 clemens
983 3489 1048 3548 sine
1071 3489 1133 3550 fine
1155 3507 1333 3570 perennem.

492 3587 618 3652 Scilicet
639 3594 711 3652 ante
734 3592 801 3652 dies
825 3595 902 3667 octo,
924 3590 1052 3652 totidem
1074 3611 1195 3672 quoque
1217 3595 1351 3667 noctes‚'

449 3688 551 3760 Quam
573 3693 660 3754 duuois
682 3713 811 3756 occasus
831 3693 1013 3756 miserabilis
1036 3694 1147 3756 accidit
1169 3695 1270 3776 hujus,

448 3790 550 3873 Ipsius
572 3800 653 3872 nato,
676 3799 744 3876 regi
766 3799 948 3879 quaudoque
971 3799 1085 3872 futuro,

362 3890 596 3980 atonescam
617 3899 752 3966 Henvieo
776 3902 912 3967 famosus
932 3902 1013 3964 filius
1034 3901 1132 3978 Oddo,

364 4031 569 4052 -ὓι--η--α-μ-

389 4095 436 4140 all.
453 4096 564 4155 llnlua‚
580 4099 622 4155 Ap.
649 4099 697 4145 tlt.
712 4101 836 4156 Domlul,
850 4101 905 4146 Lol.
933 4101 980 4145 550.
998 4103 1108 4144 merltls
1125 4103 1162 4144 far
1178 4103 1296 4157 mentis,
1314 4102 1356 4156 Ap.
1372 4115 1396 4146 u.

455 4168 509 4212 bak.
536 4171 817 4224 mvarlaespetlp)
837 4171 923 4216 anea.
951 4171 1320 4226 eoo:elreumstautum,1l.
1346 4173 1395 4215 555.

456 4238 675 4293 celsithronus,
691 4239 717 4281 ll.
742 4241 790 4283 566.
805 4237 886 4282 (laod
901 4245 941 4296 et,
958 4241 999 4294 Ap.
1014 4255 1035 4286 u.
1053 4241 1105 4286 Lol.
