3038 4986
488 527 782 604 ...241³ss

483 711 745 795 Paphnutius

101 815 212 900 Corpus
242 822 274 882 ot
305 817 415 895 anima,
450 820 530 900 quia,
556 813 633 878 licet
664 816 720 877 illa
753 811 815 878 sint
836 813 1001 892 contraria,
1022 817 1127 878 tamm

101 927 168 984 sunt
189 923 375 1006 corporalia3
405 923 507 984 anima
528 917 669 1002 autcm')
691 937 750 982 nco
771 920 919 996 mortalis,
940 923 976 983 ut
1004 939 1126 1004 corpas,

100 1045 153 1087 nac
174 1046 285 1110 corpus
308 1025 456 1110 spiritalis
467 1027 494 1110 ⁸)
516 1029 552 1088 ut
572 1025 681 1086 anima.

504 1127 717 1210 Discipuli.

101 1214 152 1278 Ita.

474 1300 745 1384 Paphnutius.

103 1404 131 1467 si
159 1409 263 1469 tamen
297 1407 475 1486 dialecticos
508 1403 674 1486 sequimur,
705 1421 766 1465 nec
798 1401 853 1464 illa
881 1403 1035 1466 contraria
1058 1423 1127 1466 ossa

102 1509 238 1572 latemur.

504 1594 719 1678 Discipuli

102 1697 141 1762 Et
160 1700 227 1782 quis
249 1702 354 1786 potest
375 1701 519 1781 nogara?

480 1801 743 1886 Paphnutius.

103 1905 158 1980 oui
179 1907 341 1971 dialectics
363 1907 459 1990 scit⁹)
487 1907 657 1989 disputare,
685 1906 756 1985 qnia
777 1903 864 1966 usias
885 1903 962 1967 nihil
984 1907 1034 1968 ost
1054 1923 1125 1968 con·

102 2012 230 2090 trarium,
255 2013 312 2074 ssd
332 2011 525 2095 receptatrix
548 2013 597 2072 est
617 2007 851 2072 contrariorum

506 2112 718 2194 Discipuli.

104 2215 177 2288 Quid
198 2219 259 2282 sibi
279 2219 356 2296 vult,
375 2219 458 2302 qnod
480 2217 594 2293 dixisti,
607 2216 777 2278 secundum
797 2215 1006 2280 harmonicam
1025 2216 1129 2280 modo

104 2323 271 2386 rationem?

487 2406 749 2490 Paphnutius.

104 2505 136 2569 Id
147 2512 273 2589 scilicet,
285 2511 376 2593 quod,
392 2511 472 2573 sicut
485 2511 585 2593 pressi
594 2511 847 2591 excellentesque
862 2508 945 2586 soni‚.
954 2509 1130 2574 harmonias

106 2615 270 2695 conjuncti,
301 2614 446 2696 quiddam
473 2613 640 2696 perficiunt
668 2614 832 2689 musicum,
854 2612 898 2674 ita
920 2613 1046 2676 dissona
1067 2615 1130 2676 elo·

104 2720 209 2796 menta,
220 2718 445 2782 convenienter
454 2717 680 2793 concordantia,
691 2737 787 2780 unum
798 2717 963 2801 perficiunt
975 2717 1130 2782 mundum.

511 2817 538 2882 D
547 2821 557 2882 i
566 2841 581 2882 s
590 2839 607 2883 c
617 2817 653 2904 ip
662 2817 729 2883 uli.

106 2917 219 3002 Mirum,
240 2923 392 3006 quomodo
412 2922 537 2987 dissona
555 2924 743 3002 concordari,
761 2925 815 2988 uel
830 2907 1050 2989 concordantia
1061 2943 1132 3010 pos·

51 3063 57 3083 .
108 3026 163 3090 sint
183 3029 309 3092 dissona
331 3027 399 3091 dici.

486 3113 750 3198 Paphnutius.

107 3211 180 3286 Quia
200 3217 278 3280 nihil
301 3237 343 3279 ex
364 3216 512 3279 similibus
528 3220 668 3300 componi
689 3219 823 3296 videtur,
839 3237 899 3282 nco
919 3237 964 3282 cx
981 3217 1039 3294 his,
1053 3235 1134 3299 quas

107 3321 185 3382 nulla
215 3321 345 3383 rationis
374 3322 572 3404 proportione
597 3323 773 3404 junguntur
803 3324 930 3384 stass
958 3321 1040 3385 omni
1061 3323 1133 3384 suh·

108 3423 215 3486 stantia
235 3426 410 3505 naturaque
433 3423 567 3487 discreta
588 3428 670 3487 sunt.

515 3527 728 3611 Discipuli.

112 3623 188 3700 Quid
209 3635 259 3693 cst
279 3628 420 3694 musica?

491 3715 754 3800 Paphnutius.

108 3813 274 3902 Disciplina
295 3837 359 3882 una
381 3819 420 3880 ds
441 3819 654 3903 philosophiae
677 3821 856 3904 quadruvio.

286 3970 291 3978 .
511 3923 726 4008 Discipuli.

111 4003 187 4076 Quid
209 4013 257 4072 est
278 4009 346 4087 hoo,
369 4006 451 4092 quod
473 4003 548 4070 dicis
571 4011 803 4092 quadruvium?
898 4085 900 4092 Ι

112 4125 283 4142 Ἣ

133 4189 274 4251 nautea,
289 4194 347 4238 lshlt
360 4197 383 4237 la
396 4194 454 4240 αι,
465 4193 490 4240 Β,
512 4196 542 4250 Β)
555 4195 792 4250 npl:rtt·le,·c.‚s.
804 4209 828 4240 u.
843 4195 905 4252 ”fii
919 4195 1036 4242 ahlslelt.
1048 4191 1140 4250 (Rata)

171 4263 259 4322 nott,
273 4277 319 4308 von
332 4265 391 4308 alter
407 4259 471 4307 Μ
485 4267 587 4324 comps
601 4263 624 4310 ΙΙ
639 4264 764 4323 delmi.

894 4318 934 4384 16
