3048 4980
510 509 750 628 -347-f-

194 686 265 750 Non
288 685 435 750 claudens
459 687 563 749 oculos
585 707 691 750 somno
714 688 864 752 suadente
887 689 1043 769 gravatos,

195 792 303 856 Donec
325 811 491 853 succensas
512 811 624 856 rursus
644 793 774 858 rutilare
796 793 940 858 lucernas

195 895 296 959 Aucto
318 896 482 960 vincentes
503 916 631 958 numero
653 897 762 960 videre
783 897 913 979 priores,

193 998 267 1081 Ipso
290 1001 403 1084 quippe
425 1001 501 1076 loco,
525 999 580 1060 sed
602 1001 704 1086 prisco
728 1019 819 1081 quam
840 1001 927 1082 prius
951 1001 1035 1064 hora.

107 1101 181 1167 215.
197 1103 313 1168 Ominis
335 1105 393 1166 hoc
416 1105 539 1184 signum
561 1105 659 1170 felicis
682 1125 814 1188 namque
838 1125 997 1178 serenum,

196 1208 238 1274 Ut
260 1208 403 1270 Phoebus
425 1209 527 1272 radios
551 1211 720 1290 spargebat
742 1212 780 1271 ab
807 1210 932 1272 aethere
957 1209 1081 1292 primos,

197 1313 249 1376 Fit
270 1314 384 1388 notum,
407 1313 489 1376 fama
512 1313 629 1374 cunctis
651 1313 807 1395 prodente
827 1314 970 1395 jocunda.

195 1417 261 1480 Nec
283 1417 412 1478 latuisse
436 1417 546 1478 ducem
570 1419 697 1498 dignum
718 1419 819 1500 potuit
839 1419 1028 1494 Lindulfum,

196 1521 299 1583 Aures
321 1521 378 1584 sed
402 1521 491 1583 eitius
514 1521 594 1584 dicto
616 1521 798 1604 pulsaverat
820 1523 897 1604 ejus.

109 1621 180 1688 220.
195 1624 330 1708 Ipseque
352 1628 474 1687 sacrata
498 1626 569 1689 festi
591 1647 664 1690 mox
686 1629 776 1688 nocte
799 1625 897 1688 futuri

196 1730 375 1794 Observans
398 1733 496 1805 caute,
520 1731 546 1792 si
569 1732 732 1812 quicquam
753 1733 862 1813 postea
883 1730 946 1793 tale

196 1833 333 1898 Ocelitus
356 1833 472 1899 ostensi
493 1838 680 1896 monstraret
701 1835 780 1898 visio
802 1833 892 1915 signi,

197 1937 273 2000 Cum
295 1939 398 2000 multis
421 1939 530 2000 silvam
552 1958 673 2022 pernox
696 1941 903 2020 conspexerat
923 1939 1030 2020 ipsam.

175 2041 261 2104 'Nec
283 2062 378 2119 mora,
402 2062 471 2104 cunr
492 2043 606 2104 nebula
628 2044 728 2103 terras
750 2063 814 2104 nox
836 2046 960 2103 texerat
983 2044 1059 2119 atra,

108 2143 181 2209 225.
199 2147 341 2227 Undique
365 2147 517 2208 silvestris
539 2166 595 2228 per
618 2167 730 2228 gyrum
752 2146 885 2226 denique
907 2145 1007 2220 vallis,

195 2252 233 2313 In
256 2271 315 2332 quc
338 2251 529 2313 fundandum
550 2251 652 2312 fuerat
674 2250 852 2332 praenobile
874 2251 1032 2334 templum,

198 2355 314 2417 Ordine
337 2355 483 2437 disposito
507 2357 675 2417 cernuntur
697 2354 812 2415 lumina
833 2354 939 2437 piura3

197 2459 286 2531 Quae
310 2459 400 2521 simul
422 2461 568 2520 arboreas
590 2460 713 2520 umbras
736 2461 894 2538 noctisque
917 2457 1064 2520 tenebras

197 2561 287 2626 Olare
309 2563 453 2644 pollentis
476 2563 657 2625 scindebant
678 2563 748 2624 luce
773 2561 888 2624 nitoris.

108 2663 182 2729 230.
198 2665 279 2728 Hinc
302 2667 392 2728 simul
414 2668 562 2744 astantes,
584 2669 712 2730 Domino
734 2669 858 2730 laudem
879 2668 1062 2742 referentes,
1124 2731 1133 2740 ,

198 2769 312 2833 Omnes
335 2791 404 2832 esse
426 2771 528 2833 locum
551 2771 714 2834 firmabant
737 2771 990 2834 sanctificandum

198 2873 275 2957 Ejus
298 2875 337 2936 ad
360 2877 548 2955 obsequium,
573 2876 624 2957 qui
645 2876 714 2938 lucc
736 2875 915 2957 repleverat
936 2875 1030 2938 iilum.

199 2978 242 3040 At
265 2979 338 3055 dux,
363 2979 489 3040 coelesti
510 2999 572 3040 non
594 2980 734 3058 ingratus
757 2979 873 3061 pietati,

195 3083 366 3145 Arboribus
386 3103 458 3144 mox
480 3082 606 3144 succisis
629 3083 785 3164 spinisque
808 3083 942 3166 rejectis,

107 3184 181 3250 235.
198 3183 420 3267 consensuque
443 3206 518 3248 suae
541 3187 672 3247 dilectae
696 3187 836 3268 conjugis
859 3185 956 3261 Odae,

197 3289 328 3354 Omnino
350 3291 463 3352 veliem
486 3289 627 3350 mundari
645 3290 738 3370 jussit
761 3290 907 3366 eandem3

196 3394 437 3476 Silvestremque
460 3395 570 3469 locum,
592 3391 936 3474 Faunis‘monstrisque
958 3393 1116 3476 repletum

195 3499 284 3561 Fecit
305 3500 485 3562 mundatum
507 3497 620 3559 divinis
641 3497 785 3560 laudibus
808 3500 922 3580 aptum.

194 3603 284 3679 Hinc,
297 3623 373 3684 quos
395 3605 495 3686 poscit
518 3623 602 3686 opus,
615 3601 700 3684 prius
723 3603 887 3683 acquirens
910 3599 969 3663 sibi
990 3600 1139 3682 sumptus,

105 3705 179 3771 240.
195 3707 339 3778 Protinus
363 3707 513 3768 ecclesiae
536 3706 710 3769 construxit
731 3707 851 3770 moenia
873 3705 1031 3788 pulchrae,

132 3843 272 3887 211.Nune
292 3841 480 3890 elarrdens.Lck.
502 3853 524 3884 u.
542 3839 568 3880 Η.
595 3840 722 3893 alequam
740 3841 816 3894 pius,
833 3839 875 3894 Ap.
907 3835 1026 3882 ‘HONec
1046 3837 1141 3878 luteus

203 3923 234 3954 se
254 3914 336 3965 duae,
357 3912 410 3954 Isth.
437 3912 687 3962 mancunium,
702 3911 744 3964 Ap.
777 3907 1064 3961 mensuetudinis.
1093 3905 1140 3950 24⁰.

198 3982 310 4035 pulcre,
324 3983 366 4034 Ap.
381 3994 403 4022 u.
418 3979 484 4030 ιρις
507 3981 567 4020 disse
582 3979 676 4020 nahmen
696 3991 736 4031 an,
755 3981 807 4021 duas
825 3979 935 4022 zwisebeu
950 3977 977 4020 V.
989 3977 1029 4020 ‘240
1042 3975 1086 4018 und
1101 3974 1140 4017 om

199 4053 248 4093 uine
265 4051 340 4092 laese
353 4052 397 4092 set:
415 4050 595 4104 „Desldersntnr
608 4061 694 4092 versos.
723 4050 835 4092 Deficiunt
849 4051 893 4092 dno
906 4048 1028 4089 carmtns.‘⁵
1056 4045 1082 4089 H.
1091 4047 1141 4098 negt

199 4122 304 4162 dardber·
326 4121 368 4174 „ln
384 4121 536 4171 manuscripto
554 4119 675 4171 antiquiori
694 4119 737 4161 duo
755 4131 834 4162 versus
852 4121 926 4162 minna
941 4119 1000 4158 reete
1016 4116 1092 4168 scripti
1107 4126 1140 4155 ex·

199 4195 258 4244 tunt,
277 4192 327 4232 ideo
344 4190 470 4232 cancellati.
498 4189 556 4229 Hine
575 4199 638 4229 error
653 4192 740 4232 ortun‘*
767 4191 821 4232 Dein
839 4189 907 4231 Sinna
926 4185 983 4231 nach
996 4185 1054 4231 teblt
1067 4183 1142 4228 nictu

197 4261 242 4302 und
255 4262 313 4306 such
326 4261 373 4306 Pte.
391 4259 460 4303 findet
472 4259 521 4302 bier
537 4258 601 4302 tetus
614 4257 698 4303 Ababa.
