3046 4984
813 579 858 592 ..
898 537 921 606 2
963 576 1008 589 .-

399 719 520 824 raque
546 721 618 798 sub
644 722 716 794 hac
741 717 845 792 serie
870 713 1181 812 reprehensione
1207 712 1323 807 digua
1343 710 1425 784 lati·

399 903 495 986 tare,
533 889 604 965 scd
642 909 801 962 errores
833 883 970 957 latenti
995 880 1119 954 facilis
1144 880 1272 974 venia,
1305 877 1425 952 vitiis·

397 1084 472 1159 que
499 1059 662 1132 debetur
687 1056 752 1152 pio
777 1051 975 1129 eorrectio.
1023 1049 1067 1122 Si
1094 1053 1222 1126 autem
1250 1046 1424 1139 obicitur,

398 1228 499 1326 quod
525 1223 715 1324 quaedam
740 1219 855 1315 hujus
882 1217 1016 1316 operis
1043 1214 1158 1311 juxta
1184 1214 1423 1312 quorundam

387 1351 707 1470 ¹aestimationem
731 1394 886 1485 sumpta
906 1387 985 1460 sint
1007 1408 1059 1462 ex
1078 1382 1324 1480 apocryphis,
1346 1403 1425 1454 non

364 1619 371 1636 .
398 1569 459 1636 est
482 1561 628 1634 crimen
660 1552 990 1656 praesumptionis
1016 1557 1185 1652 iniquae,
1214 1548 1284 1624 sed
1311 1569 1424 1623 error

395 1727 654 1825 ignorantiae,
680 1725 780 1822 quin,
806 1721 960 1820 quando
984 1720 1101 1819 hujus
1126 1726 1278 1795 stamen
1304 1714 1425 1790 seriei

396 1897 604 1994 coeperam
631 1893 990 1996 ordiri‚3ignoravi,i
1010 1879 1125 1995 dubia
1150 1897 1255 1980 esse,
1281 1886 1320 1959 in
1346 1884 1425 1981 qui-

396 2065 470 2138 bus
496 2062 669 2162 disposui
696 2059 892 2148 laborare.
932 2061 984 2134 nt
1005 2059 1071 2135 ubi
1095 2054 1319 2151 recognovi,
1336 2075 1425 2148 pes·

396 2230 580 2306 sumdare
607 2205 832 2324 detrectavi,
865 2229 966 2326 quia,
1005 2225 1107 2325 quod
1132 2223 1285 2297 videtur
1318 2221 1424 2296 fulsi-

394 2395 1115 2495 tas,lorsanprobabituresseveritas.
1140 2394 1234 2468 Cum
1250 2413 1316 2466 res
1329 2411 1421 2464 sese
1460 2423 1463 2432 ·
1510 2395 1511 2418 ¹

394 2568 447 2640 ita
465 2571 493 2676 ¹)
517 2565 700 2664 habeant,
722 2565 863 2649 tantu)
898 2563 946 2638 ad
961 2563 1126 2662 perlecti
1151 2560 1420 2664 defensionem
1509 2663 1510 2672 ἵ

395 2732 573 2832 opusculi
598 2732 879 2840 permultorum
908 2728 1111 2840 juvamine
1137 2755 1251 2832 egeo,
1278 2732 1421 2830 quanto

388 2900 543 3006 inipso
569 2899 788 3002 inceptione
824 2900 951 3012 minus
989 2864 1069 2974 ulla
1100 2873 1248 3008 proprii
1274 2897 1421 3008 vigoris
1508 2923 1509 2927 ¹

387 3067 583 3183 *fulciebar
608 3066 857 3186 sufficientia,¹
888 3068 978 3184 quia
1002 3091 1103 3186 ⁴uec
1121 3074 1271 3178 matura
1297 3067 1422 3184 adhuc

389 3239 524 3364 aetate
549 3234 700 3333 vigens,
727 3259 800 3309 nec
821 3235 980 3310 scicntia
1008 3234 1074 3354 'leri
1105 3237 1335 3346 proficiens,
1350 3232 1421 3340 sed

393 3425 467 3476 neo
493 3401 606 3494 alicui
631 3404 864 3500 sapientium
889 3403 1071 3500 affectum
1105 3425 1218 3480 meae
1243 3401 1423 3485 intentio·

395 3568 458 3643 nis
492 3569 734 3644 consulendo
765 3573 1012 3670 praesumpsi
1029 3579 1079 3664 θ),
1101 3539 1328 3666 enucleare,
1369 3592 1420 3645 ue

391 3735 625 3853 prohiberer
651 3759 723 3833 pro
749 3738 982 3823 rusticitate„
1013 3739 1254 3835 Undepclam
1274 3739 1420 3814 cunctis

393 3908 433 3976 et
456 3903 569 3999 quasi
594 3902 725 3977 furtim
750 3929 852 3980 nunc
877 3908 916 3982 in
941 3909 1220 4007 componendis
1245 3909 1332 3982 sola
1355 3907 1420 3982 de·

389 4067 571 4091 W
702 4075 705 4086 ι

406 4265 409 4272 .
437 4159 461 4276 ¹)
479 4158 665 4330 ileosesg,
689 4157 721 4230 S.
764 4159 792 4246 ²)
814 4159 971 4242 tantifl.
1016 4161 1041 4248 ³)
1063 4131 1321 4260 praesumpsi
1341 4167 1418 4230 fehlt

475 4283 507 4327 m
556 4284 611 4328 .u.
658 4311 665 4328 .
