3022 4982
789 545 1004 618 ..10-

382 815 386 820 ,
474 743 513 810 In
534 741 665 828 propriis
687 743 771 807 vitae
793 744 909 807 ducens
932 743 972 808 ad
994 743 1108 825 gaudia
1128 743 1238 820 laetae,

465 849 623 924 Passurus
643 852 773 916 mortem
792 869 941 932 magnum
959 850 1058 914 nostri
1079 869 1135 932 per
1157 865 1299 924 amorem,

458 953 698 1038 ¹Empturusque
719 945 790 1019 reos
812 955 932 1020 animae
953 954 1051 1036 pretio
1074 953 1131 1018 sibi
1153 972 1251 1014 caree.

513 1057 573 1120 Hic
595 1057 686 1120 heros
709 1058 831 1136 etenim,
855 1059 894 1123 de
917 1078 975 1140 quo
998 1059 1139 1144 narrabo,
1163 1053 1310 1132 Joachim,

387 1157 437 1225 65.
471 1154 539 1225 Tali
560 1164 703 1243 percerte
726 1162 803 1224 felix
824 1161 1000 1246 patriarcha
1021 1163 1143 1252 nepote,

470 1265 547 1329 Toto
571 1285 605 1326 se
627 1265 757 1348 placidis
780 1285 892 1327 ornans
915 1263 1073 1327 conamine
1097 1266 1195 1341 factis,

469 1367 624 1450 Quicquid
646 1369 792 1451 possedit,
814 1391 870 1453 per
892 1373 956 1432 tres
978 1371 1084 1452 partes
1106 1369 1269 1444 resecavit,
1371 1367 1374 1374 ⁴
1397 1377 1402 1386 ⁴

471 1473 597 1536 Partem
618 1470 695 1534 dans
717 1474 828 1550 viduis,
850 1475 1024 1557 peregrinis
1047 1477 1138 1554 atque
1160 1473 1281 1556 puellis,

472 1577 603 1659 Saepius
625 1578 656 1638 in
679 1581 792 1662 templo
814 1583 934 1661 partem
957 1579 1174 1643 famulantibus
1198 1599 1282 1658 ergo,

393 1678 442 1743 70.
475 1681 724 1764 Particulamque
744 1702 820 1747 suae
843 1684 945 1750 domni
967 1685 1151 1746 servaverat
1172 1682 1259 1772 omni.

454 1768 543 1846 ¹Hoc
565 1806 684 1866 quoque
706 1805 767 1848 non
789 1806 859 1848 roro
882 1788 998 1849 faciens
1022 1788 1136 1870 pietate
1159 1785 1302 1868 benigna,

475 1887 578 1968 Digne
600 1889 774 1950 mercedem
797 1892 932 1974 suscepit
954 1891 1086 1972 denique
1108 1891 1210 1966 talem,

474 1991 525 2065 Ut,
548 1993 673 2075 propria
695 1995 896 2056 substantiola
918 1997 996 2057 bene
1019 1995 1229 2076 multiplicata,
1268 2001 1280 2036 ⁸

469 2095 573 2177 Ipsius
596 2097 698 2176 gentis
720 2118 865 2179 proceres
887 2100 1092 2180 praecelleret
1114 2118 1239 2172 omnes,

384 2196 433 2262 75.
467 2200 534 2262 Nec
556 2201 614 2262 sibi
637 2202 824 2263 consimilem
845 2205 986 2285 portaret
1009 2207 1094 2264 terra
1115 2204 1281 2284 potentem,

470 2305 570 2376 Quem
593 2305 636 2366 sio
659 2311 839 2368 cunctarum
861 2307 985 2368 fulciret
1007 2307 1093 2388 copia
1115 2326 1227 2366 rerum.

513 2410 668 2481 Quattuor
690 2411 740 2474 hic
763 2414 847 2474 certe
871 2431 939 2474 oum
958 2413 1022 2492 jam
1044 2410 1175 2475 feliciter
1196 2409 1262 2492 ipse
1315 2434 1317 2442 ,

471 2513 623 2576 Volveret
644 2515 675 2575 in
697 2534 815 2576 summa
837 2516 960 2576 fortuna
982 2517 1080 2582 lustra
1102 2515 1212 2588 rotata,

467 2617 571 2679 Vultu,
587 2619 805 2706 perpulchram
828 2619 885 2680 sibi
907 2619 1106 2702 desponsavit
1128 2618 1256 2680 amicam

384 2718 434 2784 80.
466 2721 597 2784 Necnon
617 2723 823 2805 praenitidam
845 2723 1008 2785 laudandis
1030 2722 1181 2798 moribus,
1204 2721 1335 2796 Annam,

470 2823 500 2886 A
523 2825 604 2888 caris
626 2830 742 2904 natam,
764 2827 866 2890 David
888 2828 927 2890 de
950 2827 1045 2910 stirpe
1067 2829 1210 2902 creatam,

474 2928 615 2992 Foedere
637 2931 733 3010 legali
754 2931 878 3014 proprio
901 2950 992 3012 quam
1010 2930 1115 3012 junxit
1137 2929 1241 2994 amori.

468 3031 558 3094 Hanc
572 3035 684 3096 autem
700 3039 878 3112 memorant,
902 3035 1039 3099 sterilem
1060 3055 1121 3096 non
1144 3038 1282 3117 tempore
1302 3051 1412 3120 parvo,
1501 3103 1502 3112 χ

470 3135 563 3219 Spem
585 3139 692 3219 partus
714 3137 828 3202 homini
847 3140 964 3203 nullam
986 3138 1128 3201 conferre
1150 3137 1241 3200 fideli.
1291 3205 1293 3210 ¹

387 3236 437 3304 85.
471 3239 618 3318 Tandem,
642 3242 770 3323 digestis
792 3243 839 3304 bis
861 3242 950 3306 denis
973 3243 1091 3306 scilicet
1113 3241 1210 3315 annis,
1266 3299 1273 3317 ,

474 3342 626 3434 Contigit,
648 3345 680 3408 in
702 3346 816 3428 templo
839 3345 979 3411 Joachim
1001 3347 1056 3408 sub
1080 3348 1218 3428 tempore
1241 3344 1321 3408 sesto

476 3447 564 3510 Inter
586 3453 724 3514 sacratos
745 3450 851 3516 altaris
874 3452 957 3512 stare
979 3448 1143 3524 ministros,

465 3549 638 3617 Incassum
661 3552 748 3632 digni
770 3554 894 3615 fuerant
917 3553 968 3634 qui
989 3574 1105 3638 ponere
1127 3553 1194 3614 visi.

474 3653 576 3726 Quem
597 3654 710 3718 Ruben
731 3656 839 3739 templi
860 3657 932 3718 dum
953 3657 1032 3719 vidit
1053 3658 1153 3720 scriba
1175 3654 1297 3732 sacrati,

387 3753 436 3820 90.
468 3757 593 3820 Exosus
616 3760 740 3836 factum,
764 3760 853 3822 dictis
876 3759 986 3826 affatur
1008 3761 1134 3824 amaris:

468 3861 559 3941 „lion
580 3861 654 3928 lieet
674 3862 849 3940 incensum,
873 3865 966 3941 dixit,
989 3867 1020 3928 te
1041 3873 1173 3946 tangere
1194 3866 1344 3940 sanctum,

472 3964 622 4042 „Munera
644 3987 702 4032 neo
723 3968 852 4034 Domino
874 3971 1014 4054 praestat
1036 3971 1110 4034 dare
1133 3968 1343 4046 sacrificando,

408 4239 568 4293 legentes,
589 4240 689 4284 aas.
717 4242 749 4285 ll.
778 4242 966 4294 tilae,c.u.8.
994 4241 1285 4296 inviseremus·
1312 4246 1345 4288 sa
1364 4246 1417 4290 Fos-

460 4310 513 4362 derl,
524 4309 547 4350 S.
574 4312 608 4353 9⁰.
622 4309 783 4365 Exosnmc.
795 4313 850 4356 us.
879 4315 911 4356 9².
928 4313 1138 4366 saorlllruds,
1155 4313 1241 4358 aas.
