3022 4982
508 527 724 598 ...21-

194 710 356 788 Abiathar,
379 727 472 792 quem
489 709 555 791 jam
575 705 708 785 memini,
730 707 788 768 sub
809 706 882 788 lege
903 705 1049 770 moerdos

193 817 369 878 Ascensum
389 814 542 896 graduum
564 811 743 874 conscendit
765 829 898 893 namque
919 813 1087 894 superbum

157 975 160 982 ,
190 919 322 982 Praesul
344 921 376 981 et
397 918 512 979 astanti
534 917 656 978 dicebat
677 915 752 978 talia
772 915 872 996 plebi:

235 1022 307 1100 „Ex
329 1043 388 1103 quo
411 1023 621 1084 constructum
642 1020 746 1084 suerat
766 1021 945 1102 praenobile
962 1007 1120 1104 templum

104 1125 178 1191 415.
191 1128 300 1204 „Istud
322 1125 505 1207 permagni
526 1125 611 1204 regis
633 1124 770 1186 studium
791 1123 972 1202 Salomonis,

191 1231 253 1308 „Ut
274 1231 369 1305 scitis,
391 1248 467 1290 vere
487 1232 670 1291 manserunt
691 1247 813 1310 semper
835 1229 866 1290 in
887 1228 940 1290 illo

193 1335 326 1411 „Forma
349 1333 530 1414 conspicuae
552 1333 658 1394 vuinus
679 1336 782 1396 aetate
798 1333 933 1396 tenellae

194 1439 313 1516 „Natum
335 1437 483 1500 nobilium
504 1437 620 1500 ramoso
643 1437 783 1517 germine
804 1457 916 1518 regum

190 1544 314 1624 „Atque
337 1541 540 1618 sacerdotum,
562 1544 668 1602 ratum
691 1541 869 1624 pariterque
891 1540 1036 1622 priorum,

108 1646 178 1710 420.
192 1647 301 1724 „Quae
323 1646 462 1708 celebres
485 1646 565 1706 omni
586 1645 697 1708 merito
717 1663 860 1708 mansere
883 1645 1014 1726 popello.

53 1759 66 1786 '¹
196 1749 309 1828 „Certe
330 1750 469 1831 perfecta
491 1749 548 1813 sed
568 1769 641 1814 mox
662 1751 766 1814 astate
787 1753 924 1832 recepta,

193 1853 403 1936 „Conjugibus
424 1856 530 1914 tantae
553 1854 714 1934 condignis
737 1856 810 1916 sunt
831 1853 975 1928 sociatae,

191 1959 310 2036 „Multo
332 1958 493 2038 magisque
514 1957 581 2018 Deo
603 1958 787 2038 placuerunt
808 1975 931 2039 semper
952 1958 991 2020 ab
1013 1955 1075 2018 illo.

192 2062 300 2148 „More
323 2061 379 2122 sed
399 2061 521 2123 insolito
544 2065 651 2144 sperat
672 2080 707 2122 se
728 2062 819 2141 virgo
841 2060 942 2124 Maris

115 2163 185 2230 425.
197 2166 313 2243 „Posse
334 2165 459 2248 plaeere
481 2165 541 2226 tuis
561 2165 683 2228 Domini
704 2186 760 2248 pro
781 2165 903 2228 nomine
925 2164 1046 2246 spretis

195 2271 314 2347 „Nune
337 2269 476 2350 quianon
499 2273 627 2344 constat,
650 2273 755 2333 votum
784 2289 818 2330 se
846 2268 981 2330 reddere
1008 2268 1137 2342 tentum,

193 2375 333 2452 „Restat
355 2377 390 2434 ut
411 2373 622 2435 Altithronum
643 2374 786 2456 precibus
807 2372 903 2453 digne
924 2371 1104 2452 rogitemus,

192 2478 254 2554 „Ut
273 2498 330 2540 nos
352 2478 434 2540 forte
456 2477 519 2538 suis
542 2477 636 2540 faeiat
659 2496 847 2559 cognoscere
867 2477 971 2559 jussis,

191 2582 301 2658 „Hanc
323 2583 394 2662 qnia
415 2581 511 2661 legali
532 2582 579 2642 iss
601 2582 642 2643 sit
663 2601 732 2644 cum
753 2582 881 2644 foedere
900 2579 1019 2662 jungi.“

109 2684 177 2748 430.
276 2686 345 2752 Tali
366 2685 493 2746 consilio
515 2705 698 2748 consensum
718 2686 817 2768 plebis
839 2686 961 2766 adepto,

194 2789 316 2852 Sortem
336 2788 497 2870 pontifices
518 2790 668 2851 miserunt
689 2790 829 2871 primitus
851 2808 956 2852 omnes

191 2893 281 2954 Inter
301 2911 433 2972 namque
455 2894 554 2954 tribus
575 2893 725 2956 israhelis
747 2893 915 2966 duodenas,

190 2996 279 3067 Quae
301 3017 373 3060 mox
388 2997 557 3076 egregiam
579 2998 679 3060 Judae
702 2997 806 3078 signat
826 2997 893 3058 fore
916 2995 1049 3076 dignam.

193 3101 263 3172 Qua
285 3100 449 3180 designata
470 3119 545 3182 pree
569 3101 686 3164 cunetis
709 3099 827 3164 scilice:
846 3118 919 3176 una,

113 3199 396 3284 435.Praecepere‚
418 3204 501 3266 viros
524 3206 663 3286 ejusdem
685 3205 831 3286 germinis
854 3223 969 3279 omnes,

192 3307 278 3379 Quos
300 3307 367 3368 sine
390 3307 573 3389 conjugibus
596 3309 670 3372 iecit
690 3309 860 3372 consistere
883 3326 982 3383 casus,

193 3409 345 3474 Collectos
369 3430 444 3491 ergo
468 3431 653 3476 concurrere
676 3414 741 3476 sols
764 3411 900 3474 seeundo

192 3514 234 3578 Et
254 3515 395 3578 manibus
417 3515 523 3594 virgas
546 3517 667 3578 dextris
690 3517 831 3578 conferre
853 3514 1002 3577 novellas.
1089 3583 1093 3590 ⁸

276 3618 335 3682 His
356 3619 453 3699 igitur
475 3621 593 3683 cunctis
616 3625 680 3684 toto
703 3620 861 3684 conamine
883 3617 982 3694 lectis,

114 3717 180 3784 440.
191 3723 328 3786 Advenit
350 3723 463 3803 dignus
485 3725 588 3787 senior
610 3724 727 3808 Joseph
749 3726 883 3790 sociatus

197 3826 273 3904 Illis,
295 3829 456 3890 incurvam
477 3835 604 3910 portans
626 3832 682 3892 sub
704 3831 805 3892 indice
826 3829 956 3908 uirgam

194 3930 236 3994 At
256 3951 333 3994 uero
356 3951 491 3994 summus
512 3934 619 4013 virgas
641 3934 778 3996 tollendo
800 3933 945 3996 sacerdos
980 3997 983 4004 ,

119 4065 287 4080 *¹¹—t———-

141 4129 181 4174 tit.
197 4135 281 4186 plaeere
298 4137 380 4189 viris,
397 4135 487 4178 eos.
502 4135 547 4180 430.
564 4135 1134 4192 consensu.M.‚P.,G.u.S.ddl.pontliteir‚

198 4204 263 4251 iio.
284 4207 307 4248 P.
335 4206 410 4262 dds(
452 4208 536 4264 ).ΙΙιῗ
555 4209 594 4264 C.;
617 4208 692 4264 Piis,
712 4208 735 4252 S.
762 4205 1128 4258 trr.·uooneree,n.;nr.

198 4279 345 4322 rinocuroron.
