3048 4980
466 539 742 616 ffl—-359-

191 728 252 800 Qui
275 727 335 790 suit
357 728 476 789 electus
498 727 582 806 regis
605 726 721 808 pietate
743 725 889 808 perennis

190 832 312 894 Primus
336 831 494 894 Saxonum
516 850 575 891 rex
596 833 667 911 post
688 832 808 911 patrem
830 832 1034 905 strenuorum,

191 937 355 1016 Augustus
376 935 585 996 Romanorum
605 935 783 1015 pariterque
804 935 971 1015 potentum.

232 1039 392 1100 Mensibus
414 1038 485 1098 hinc
507 1038 589 1098 senis
613 1056 705 1098 cursu
727 1037 877 1098 volitante
900 1038 1043 1121 peractis,

103 1139 177 1205 575.
193 1142 274 1204 Dum
297 1143 391 1204 decus
413 1141 471 1202 hoc
494 1141 572 1202 tanti
594 1141 710 1202 clarum
732 1141 856 1219 generis
878 1141 937 1203 fnit
958 1145 1067 1218 ortum,

190 1246 229 1308 In
252 1266 312 1327 quo
333 1247 415 1306 laeta
436 1245 544 1325 procul
567 1244 658 1305 dubio
679 1244 830 1325 promissa
851 1245 971 1325 repleta

191 1347 306 1412 Christi
326 1350 479 1430 baptistae
502 1348 672 1409 creduntur
692 1347 832 1428 primitus
854 1367 924 1409 esse

190 1453 285 1516 Istius
308 1453 443 1532 exiguae
465 1469 545 1533 quae
567 1471 640 1516 mox
661 1451 693 1512 in
715 1451 833 1512 vertice
855 1450 965 1517 Musas

192 1556 299 1618 Aedae
321 1575 454 1638 namque
473 1574 549 1616 suae
570 1553 694 1616 memini
715 1555 781 1616 fore
804 1553 885 1616 diota
906 1555 1037 1636 parenti,

104 1655 176 1721 580.
190 1658 258 1722 Oda
279 1661 368 1722 nimis
391 1661 477 1736 felix,
499 1658 598 1720 nostri
619 1677 691 1739 spes
714 1659 746 1718 ot
768 1657 962 1732 dominatrix,

190 1764 294 1834 Quum
316 1764 419 1826 decies
441 1764 537 1824 denos
560 1765 680 1842 septem
701 1781 823 1841 quoque
844 1762 968 1824 vixerat
989 1779 1095 1838 annos,

121 1915 127 1932 .
150 1867 151 1872 ’
192 1865 297 1927 Vitam
319 1867 380 1926 fine
402 1867 481 1927 bono
504 1883 687 1926 consumens
709 1865 820 1926 transit
839 1864 879 1926 ad
900 1867 994 1941 astra,

188 1968 368 2049 Expectans
391 1989 447 2050 spe
468 1967 551 2029 felici
570 1970 691 2049 tempus
712 1968 863 2029 redeundi

189 2071 307 2146 Fletus,
330 2074 423 2152 atque
444 2072 630 2151 resurgendi
653 2072 691 2132 de
713 2072 844 2152 pulvere
865 2071 950 2152 pleni

99 2170 173 2236 585.
188 2172 331 2256 Corporis
352 2175 384 2236 in
406 2176 531 2252 tumulo,
554 2174 635 2256 quod
656 2194 737 2235 nunc
759 2177 816 2236 sub
839 2173 975 2254 tegmine
998 2176 1075 2236 duro

191 2275 289 2340 Juxta
311 2281 453 2340 natarum
475 2277 644 2359 requiescit
663 2278 754 2340 busta
777 2296 910 2339 suarum.

231 2379 298 2444 Nee
320 2380 483 2457 Christina,
507 2382 570 2442 suis
593 2399 672 2460 quae
694 2381 760 2442 sola
781 2381 930 2458 remansit
951 2381 1092 2444 alumnis.

188 2483 257 2546 Jam
280 2487 353 2546 tunc
375 2485 518 2548 instantis
541 2483 668 2565 grandis
691 2483 821 2546 dulcedo
843 2485 967 2561 doloris,

94 2629 99 2633 -
189 2586 264 2648 Plus
286 2607 376 2669 quam
398 2589 446 2651 bis
471 2592 576 2650 ternos
598 2590 669 2670 post
690 2590 821 2648 matrem
841 2587 966 2650 vixerat
986 2607 1092 2666 annos,

98 2685 172 2751 590.
189 2688 250 2751 Sed
272 2691 408 2756 reddens
430 2691 571 2767 animam,
593 2691 725 2754 Factorc
747 2693 888 2768 vocante,
909 2693 1041 2770 beatam,

187 2792 334 2876 Jungitur
354 2795 387 2856 in
408 2795 486 2858 lucis
506 2795 608 2877 patria
627 2793 775 2876 pacisque
798 2795 944 2876 perennis

137 2967 141 2972 ,
186 2894 264 2977 Ejus
286 2899 451 2977 germanis,
474 2918 604 2980 quarum
624 2899 761 2979 pollebat
782 2897 914 2979 honoris}

188 2997 313 3062 Haeres
335 3003 368 3062 et
388 3004 514 3064 sanctae
536 3003 686 3066 sectatrix
706 3006 823 3090 inclyta
844 3007 936 3070 vitae.

189 3102 275 3173 Quas
296 3105 388 3166 matri
411 3108 590 3168 cunctosin
613 3110 698 3171 coelo
721 3111 920 3187 consociatas,

97 3199 173 3265 595.
187 3204 278 3266 Alme
300 3206 403 3282 Pater,
425 3213 528 3270 tecum
549 3215 674 3291 praesta
695 3215 834 3292 gaudere
856 3233 913 3296 per
935 3231 1055 3290 aarum,

185 3306 275 3369 Illius
296 3309 368 3370 boni
389 3313 533 3372 mercede
554 3316 733 3394 perenniter
753 3316 807 3391 uti,

191 3411 281 3481 Quod
303 3416 387 3475 retro
410 3417 522 3476 cuncta
542 3416 604 3478 tuis
621 3421 754 3481 servasti
775 3421 901 3484 saecula
922 3418 1012 3495 caris,

189 3513 258 3584 Quo
279 3519 310 3578 te
333 3537 402 3578 cum
424 3517 505 3580 Nato
527 3540 647 3583 necnon
670 3543 739 3585 oum
759 3523 900 3587 Flamina
920 3541 1008 3588 sacro

188 3613 293 3678 Solum
314 3623 468 3682 rectorem
490 3627 674 3688 coelestibus
695 3622 923 3709 imperitantem

80 3712 171 3778 ‘600.
185 3717 278 3782 Duloi
299 3721 435 3785 laetitiae
456 3725 618 3791 laudemus
639 3751 717 3795 voce
734 3731 897 3814 jocundae.

97 3855 278 3867 --·--.-......

124 3920 172 3962 575.
186 3918 322 3966 hortanti
336 3925 372 3966 fdr
385 3925 438 3970 lroe
452 3930 610 3984 tantumno.
621 3932 675 3977 tek.
689 3935 736 3980 579.
751 3932 838 3989 Adae,
852 3934 893 3990 Ap.
905 3934 990 3980 nhrk.
1009 3936 1055 3980 585
1070 3947 1129 3978 eon·

191 4001 353 4047 summano,
367 3995 414 4038 Pu.
434 3999 481 4042 595.
496 4013 535 4055 per
549 4013 623 4054 eum,
637 4000 769 4057 usuam.
796 4005 842 4047 595.
857 4004 1014 4058 llllnnqnc,
1027 4005 1129 4048 libuli.

190 4062 378 4173 ,θωᾶῦιιηεῃ
398 4067 439 4123 Ap.
462 4082 485 4111 n.
506 4069 546 4121 153
567 4069 735 4126 leudasten,
755 4071 797 4128 Ap.
818 4086 841 4116 n.
861 4073 931 4131 Lek.;
954 4074 993 4116 Lo.
1013 4075 1129 4129 eorrlglrte

202 4143 352 4175 sssssss

459 4295 716 4310 *Q
