2998 4980
486 543 725 612 ..203...

504 720 716 784 Johanuea
873 803 879 810 ·

93 823 161 887 Non
183 840 261 904 mes,
275 825 316 910 ³⁸)
337 825 393 887 sed
407 822 530 888 -Ohristi
548 826 664 889 virtute
685 823 795 907 paruit.

457 945 753 1009 Andronichus.

94 1047 169 1112 Ideo
194 1048 283 1111 citius
306 1048 387 1112 dicto
410 1049 546 1112 evanuit

504 1169 713 1232 Jchannes

94 1272 187 1338 Deus,
212 1272 494 1356 incircumscriptus
524 1276 556 1337 et
582 1273 907 1358 incomprehensibilis,
938 1273 1071 1357 simplex
1092 1275 1125 1338 et

95 1375 339 1452 inaestimabilis,
366 1357 418 1457 qui
439 1376 523 1437 solus
546 1397 580 1438 es
602 1377 642 1454 id,
666 1379 747 1460 quod
765 1397 808 1456 es,
832 1380 891 1459 qui,
914 1378 1038 1438 diversa
1064 1377 1124 1439 duo

95 1479 226 1554 socians,
250 1499 291 1540 ex
311 1479 371 1540 hcc
393 1481 424 1542 et
446 1478 504 1540 hoc
531 1481 685 1542 hominem
707 1481 807 1564 fingis,
835 1482 1004 1562 eademque
1027 1479 1123 1548 disso-

97 1583 191 1657 cians,
221 1601 324 1656 unum,
353 1583 436 1664 quod
457 1585 626 1659 constabat,
658 1583 797 1660 resolvis,
823 1587 908 1666 jube,
930 1586 972 1658 ut,
994 1585 1124 1646 reducto

92 1685 195 1748 halitu
224 1685 439 1768 disjunctaque
469 1687 649 1767 compagine
678 1707 787 1748 rursus
820 1687 1023 1762 conlimineta,
1046 1683 1125 1748 Cali·

94 1791 221 1850 mechus
244 1793 391 1870 resurgat
410 1780 531 1871 plenus,
553 1794 589 1852 ut
611 1791 678 1866 fuit,
700 1791 799 1866 homo,
829 1809 889 1871 quo
917 1792 955 1852 eb
986 1790 1124 1852 omuibus

97 1893 316 1982 magnificeris,
338 1894 392 1981 qui
413 1894 496 1960 solus
517 1893 657 1956 miranda
679 1893 826 1976 operaris.

465 2013 760 2076 Andronichus

96 2115 207 2178 Amen.
228 2151 273 2162 -
294 2114 376 2182 Eece
398 2116 510 2180 vitales
532 2133 624 2180 aures
635 2116 676 2198 ³⁴)
699 2116 807 2198 carpit,
828 2115 885 2178 sed
906 2133 985 2198 pree
1001 2117 1126 2198 stupore

96 2221 197 2282 adhuc
214 2221 357 2301 aquiescit.

497 2305 715 2370 iohannes

96 2389 278 2484 Calimache,
302 2428 396 2490 surge
418 2409 450 2470 in
470 2407 584 2471 Christi
605 2409 737 2483 nomine,
760 2411 801 2484 et,
824 2411 989 2489 utcumque
1019 2427 1053 2470 se
1073 2427 1124 2472 res

94 2513 216 2588 habeat,
251 2513 410 2589 confitere3
444 2512 642 2592 quantislibet
664 2513 814 2574 obnoxius
836 2512 879 2572 sis
908 2513 1000 2587 vitiis,
1022 2511 1124 2594 profe·

95 2634 155 2692 ras,
176 2631 218 2678 ne
239 2631 296 2678 nos
317 2615 421 2697 vele)
443 2616 474 2678 in
495 2615 613 2678 modico
636 2617 735 2678 lateat
752 2615 878 2680 veritas.

478 2733 745 2798 Calimechus.
871 2811 880 2818 ,

97 2839 225 2920 Negare
247 2857 377 2918 nequeo,
392 2837 464 2918 quin
485 2839 630 2920 patrandi
653 2857 747 2900 causa
768 2839 912 2901 facinoris
934 2837 1126 2914 accesserim,

96 2943 166 3022 quia
199 2941 316 3002 infelici
347 2941 519 3020 languuore
553 2944 747 3005 tabescebam
775 2963 834 3004 nec
867 2941 976 3004 inliciti
1007 2945 1127 3004 aestum

97 3046 207 3108 amoris
231 3063 427 3135 compescere
448 3048 596 3128 poteram.
893 3038 895 3048 '

511 3166 724 3229 Johenncs

101 3268 191 3340 Quae
214 3269 376 3346 dementia,
407 3291 486 3351 quae
508 3270 628 3334 insania
648 3276 680 3334 ts
703 3269 833 3350 decepit,
862 3269 898 3330 ut
924 3268 1016 3329 castis
1038 3286 1127 3350 prae·

98 3389 239 3437 sumeres
251 3373 433 3454 fragmentis
449 3375 579 3456 alicujus
592 3374 736 3455 injuriam
743 3373 885 3438 conferre
895 3370 1127 3434 dehonestetis?

482 3491 747 3557 Galimachus.

101 3594 230 3680 Propria
242 3597 373 3659 stultitia
383 3597 538 3679 hujusque
545 3597 710 3659 fortunati
719 3596 914 3658 fraudolenta
925 3593 965 3676 ³⁶)
978 3593 1128 3690 deceptio.

386 3747 390 3752 ·
507 3717 717 3779 Johannes

103 3817 181 3880 Num
203 3819 317 3902 triplici
338 3819 504 3882 infortunio
527 3821 604 3882 adeo
626 3820 736 3881 infelix
759 3817 885 3881 effectus
909 3837 951 3894 es,
974 3817 1143 3893 ut'nefas,¹

105 3925 181 4001 quod
203 3924 337 3999 voluisti,
360 3924 511 4006 perficere
532 3925 664 4006 posses?

126 4191 226 4245 sitrico
242 4203 315 4247 neo,
333 4193 365 4236 Μ.
392 4189 1005 4247 detti.hmsrlchtaure·,s.td.p.19¹2.tnu.u
1031 4186 1129 4242 Qvo!

175 4261 233 4305 fehlt
246 4263 269 4304 fu
284 4263 346 4308 Qu.
360 4262 384 4306 8.
411 4265 450 4318 36)
465 4261 672 4314 fraudatores,
688 4260 713 4305 c.
728 4259 751 4304 S.
767 4270 791 4301 u.
807 4260 852 4314 ΜΒ.
