3048 4980
508 553 559 570 ---
599 513 664 586 291
708 553 753 570 -··

518 695 753 759 Antiochus.

116 795 281 860 Ebulliens
294 797 336 880 47·)
358 798 479 876 fervor,
502 802 658 864 confracto
681 819 766 878 vasa,
790 800 952 866 tministros
975 801 1150 880 combussit,

119 908 153 964 et
176 903 231 963 iila
252 901 393 964 malefica
414 903 521 964 illaesa
544 906 722 986 comparuit.

521 1006 760 1071 Hadrianus.

118 1091 246 1172 Fateor,
268 1093 344 1156 victi
366 1113 479 1156 sumus.

522 1181 759 1246 Antiochus.

119 1266 260 1330 Ponitus.

520 1355 757 1420 Hadrianus,

123 1437 226 1523 Caput
247 1441 431 1504 abscidatur.
443 1441 484 1525 ⁴⁸)

523 1545 763 1609 Antiochus.

123 1647 214 1710 Alias
235 1667 298 1712 non
321 1651 507 1714 absumetur.

589 1735 695 1818 Spea

78 1882 85 1894 .
129 1839 155 1901 Ο
182 1837 304 1902 Caritas
335 1839 461 1916 dilecta,
492 1861 508 1903 o
539 1861 626 1903 soror
653 1841 759 1905 unica!
792 1861 832 1902 ne
860 1841 1006 1904 formides
1033 1841 1159 1924 tyranni

124 1944 246 2020 minas,
283 1965 323 2004 ne
356 1945 493 2026 trepides
524 1944 563 2006 ad
598 1964 733 2026 poenas,
773 1945 874 2006 nitere
911 1935 1065 2008 constanti
1097 1946 1158 2007 fide

125 2047 240 2109 imitari
263 2069 393 2125 sorores,
416 2050 456 2110 ad
478 2049 556 2111 coeii
577 2048 725 2129 palatium
746 2049 983 2130 praecedentes.

559 2151 731 2214 Onniton.

127 2255 250 2318 Taedet
271 2277 320 2318 mc
342 2257 427 2318 vitae
448 2258 636 2338 praesentis,
658 2258 766 2318 taedet
786 2259 931 2318 terrenae
953 2241 1159 2333 habitationis,

127 2359 213 2439 quod
236 2361 338 2421 saltim
359 2361 399 2421 ad
421 2362 571 2422 modicum
593 2361 741 2442 temporis
763 2379 891 2443 separor
913 2379 932 2421 a
953 2361 1049 2422 vobis.

512 2519 514 2522 .
597 2463 705 2545 Spes

127 2565 259 2648 Depone
276 2567 413 2631 taedium
442 2570 474 2628 et
501 2568 597 2628 tende
627 2569 667 2628 ad
695 2569 881 2648 praemium
913 2585 976 2630 non
1006 2568 1087 2634 ehieh
1107 2567 1161 2630 diu

128 2671 353 2754 separabimur,
375 2671 430 2732 aad
453 2670 538 2732 ocius
561 2671 591 2730 in
615 2672 700 2733 coelo
724 2673 955 2754 conjungamur.
1023 2687 1026 2693 ’
1059 2715 1060 2720 κ
1141 2694 1145 2710 ’

563 2772 732 2836 Caritas.

128 2827 211 2936 siaa,
235 2861 304 2925 sati

596 2947 706 3029 Spes.
753 2981 754 2984 ¹

129 3049 231 3129 Euge,
249 3052 349 3111 mater
368 3051 506 3124 illustris,
523 3052 633 3130 gaude,
649 3071 707 3114 neo
725 3033 863 3132 tangaris
880 3051 917 3112 de
939 3051 1000 3112 mei
1021 3050 1164 3132 passione

134 3154 271 3214 materni
295 3153 423 3214 affectus
447 3139 561 3226 doloro,
585 3155 640 3216 sed
662 3155 787 3242 praefer
809 3175 896 3236 spem
916 3155 1064 3230 moerori,
1097 3173 1165 3215 cum

130 3258 313 3320 merideas
336 3277 393 3338 pro
416 3255 536 3318 Christo
562 3258 647 3318 mori.

182 3362 186 3372 ’
539 3360 764 3442 Sapientia.
972 3425 973 3436 ,

130 3463 227 3526 Nunc
250 3463 373 3544 quidem
394 3465 524 3544 gaudeo,
548 3465 602 3524 scd
627 3468 700 3526 tunc
723 3465 847 3525 taudem
868 3465 1007 3546 perfecte
1020 3465 1165 3526 exultans

131 3569 292 3648 gaudebo,
323 3569 444 3648 quando
474 3569 518 3628 tui
541 3569 729 3630 sororculam
756 3569 824 3649 pari
846 3567 1018 3629 conditione
1041 3569 1162 3642 extinc-

132 3675 198 3733 tam
222 3672 307 3732 ooelo
330 3671 519 3752 praemisero
543 3675 575 3732 et
596 3677 657 3751 eg‘o
678 3671 848 3752 subsequar
870 3673 1034 3753 postrema.

601 3773 709 3856 Spes

132 3879 289 3956 Perennis
313 3878 449 3940 Trinitas
471 3881 617 3941 rest'tuct
638 3879 694 3940 tibi
716 3879 747 3940 in
769 3896 884 3942 acum
905 3879 1031 3960 planum
1053 3879 1170 3958 absque

134 3984 338 4046 diminutione
361 3983 494 4045 filiarum
515 4003 684 4047 numerum:

161 4183 201 4242 ⁴7)
214 4184 370 4239 Ebutiana,
387 4185 412 4230 (i.
428 4197 451 4228 u.
466 4184 489 4230 S.
516 4184 555 4240 hs)
570 4183 771 4238 obtendatur,
789 4181 812 4228 0.
828 4193 852 4225 u.
868 4179 904 4233 S.;
924 4180 995 4237 vergi.
1011 4180 1069 4223 eheu
1083 4180 1106 4224 S.
1121 4181 1169 4238 m,

217 4253 400 4302 Zciiossveub.
504 4283 506 4291 .
807 4259 821 4284 ‘·
892 4303 967 4368 19*
