3016 4982
757 503 1053 598 -114-'

451 700 654 784 „Consentire
675 706 740 768 tuis
763 705 815 787 qui
837 707 913 770 dent
933 723 1058 788 operam
1079 707 1129 790 pie
1148 707 1253 789 jussis.

455 808 569 887 „Carta
590 813 769 874 constanter
790 829 942 892 servaque
964 812 1056 874 fidem
1077 811 1241 892 patienter,

371 910 441 977 185.
458 913 548 991 „Quo
571 918 713 978 crescant
734 915 866 978 celebris
888 916 944 976 tibi
961 916 1026 995 jam
1047 915 1211 996 praeconia
1233 914 1342 984 laudis

452 1018 522 1094 „Et
545 1020 757 1101 quodcumque
781 1020 877 1080 sacris
900 1037 918 1079 a
939 1039 989 1080 mc
1011 1019 1154 1099 precibus
1177 1019 1336 1098 rogitabis,

453 1121 647 1204 „Impetrare
668 1124 729 1186 mei
747 1123 864 1206 poteris
886 1123 965 1184 donc
988 1122 1139 1204 pietatis.“

452 1224 520 1286 Tali
542 1227 675 1289 lactatus
697 1228 787 1290 fortis
810 1228 956 1288 solamine
980 1227 1067 1288 testis

452 1328 546 1390 Nulla
568 1331 655 1391 timet
677 1334 829 1394 tormenta
851 1333 916 1412 pati
936 1350 992 1411 pro
1014 1330 1136 1390 nomine
1159 1326 1279 1390 Christi.

368 1427 437 1494 190.
452 1431 528 1494 Post
549 1433 627 1496 haee
649 1434 796 1495 abstracti
819 1438 914 1496 testes
936 1435 974 1494 ds
998 1446 1123 1495 carcere
1146 1433 1236 1506 terni,

449 1533 620 1617 Praecepto
642 1556 715 1598 mox
735 1538 886 1618 praefecti
907 1541 1039 1616 cogente
1062 1537 1195 1618 superbi,

453 1637 505 1698 An
526 1640 645 1700 vellent
666 1640 759 1716 duris,
783 1642 965 1721 rogitantur,
989 1642 1101 1702 cedere
1123 1641 1238 1722 poenis.

447 1740 512 1812 'Qui
532 1743 612 1804 bene
635 1745 806 1821 corcordes,
829 1746 912 1806 clara
934 1765 1055 1826 quoqne
1077 1765 1155 1806 voce
1177 1745 1321 1818 fatentes,

449 1843 575 1908 Patrem
598 1867 667 1908 oum
688 1848 768 1910 Nato
791 1869 911 1910 necnon
934 1869 1003 1910 cum
1025 1849 1164 1910 Flamina
1190 1867 1277 1908 sacro

368 1944 438 2010 195.
453 1947 534 2014 Esse
556 1951 655 2012 Deum
677 1972 787 2014 verum
809 1953 967 2032 solumque
989 1953 1168 2034 perenniter
1190 1971 1294 2024 unum,

453 2053 621 2118 Testantur
642 2075 715 2118 mox
737 2057 828 2117 mallo
850 2058 927 2117 mori
948 2076 1004 2137 pro
1026 2057 1148 2119 nomine
1172 2053 1293 2129 Christi,

456 2155 651 2222 Membratim
673 2180 794 2240 quoque
816 2159 973 2240 suppliciis
996 2161 1093 2220 scindi
1113 2159 1270 2233 redivivis,

454 2261 556 2332 Quam
578 2281 634 2323 sua
657 2264 736 2324 colla
758 2263 816 2324 diis
838 2281 983 2343 umquam
1005 2263 1184 2322 submittere
1208 2262 1299 2322 falsis.

451 2363 520 2427 Hac
542 2367 642 2446 magis
665 2367 798 2429 offensus
821 2387 948 2449 praeses
971 2367 1089 2426 ratione
1112 2367 1270 2447 profanus,

362 2465 434 2530 200.
454 2467 519 2532 Ceu
542 2471 600 2545 leo,
623 2490 684 2534 non
706 2471 825 2532 modica
846 2472 982 2550 rugiens,
1004 2475 1214 2552 praeceperat,
1235 2470 1289 2543 ira,

449 2573 584 2634 Athletis
608 2572 722 2635 Christi
743 2575 881 2636 cervices
903 2595 975 2636 mox
997 2575 1133 2634 resecari

448 2675 491 2741 Et
512 2677 622 2756 gladiis
646 2681 771 2738 cunctos
793 2679 902 2759 perimi
921 2677 1105 2759 baptismate
1127 2677 1215 2738 lotos.

449 2777 601 2842 Caedibus
623 2780 800 2856 innumeris,
823 2786 857 2843 ut
874 2782 975 2861 jussit,
998 2800 1129 2860 namque
1149 2779 1292 2862 peractis,

447 2882 578 2946 Praesul
601 2904 670 2944 oum
692 2885 781 2946 sociis
801 2887 926 2965 junctus
950 2885 1082 2946 trahitur
1105 2884 1291 2945 venerandis

360 2982 434 3048 205.
448 2986 499 3048 Ad
520 2987 588 3048 loca
609 2990 750 3070 martyrii
772 2989 902 3068 dampno
926 2989 1061 3068 capitum
1082 2989 1261 3068 peragendi.

447 3088 509 3159 Qui
530 3109 609 3166 nam,
633 3092 816 3169 gaudentes,
838 3092 967 3154 Domino
990 3093 1160 3172 laudesque
1183 3095 1341 3169 canentes,

446 3193 626 3273 Pergebant
647 3197 778 3276 prompti
800 3199 898 3256 semet
919 3216 992 3258 mcx
1015 3197 1129 3256 dedere
1151 3197 1249 3256 morti.

449 3297 580 3362 Praesut
602 3302 684 3374 tunc,
707 3300 803 3360 oculis
826 3320 948 3360 sursum
969 3301 1170 3379 manibusque
1192 3300 1320 3374 levatis·

447 3402 623 3464 Altithronc
645 3405 725 3466 tales
747 3403 897 3464 fundebat
919 3423 1055 3481 congrue
1078 3408 1198 3482 grates:

358 3503 430 3566 210.
448 3505 512 3581 „Mi
535 3507 610 3582 Dee,
633 3509 675 3568 mi
695 3508 803 3581 iactor,
826 3508 867 3568 mi
889 3508 1126 3568 clementissime
1148 3512 1261 3583 rector,

442 3610 532 3686 „Qui
554 3632 604 3672 me
625 3611 714 3673 vitali
734 3615 897 3692 praestans
918 3629 994 3671 aura
1015 3612 1064 3693 pie
1086 3613 1180 3688 vesci,

444 3712 588 3787 „Scilicet
609 3714 726 3792 ingenii
749 3715 870 3776 donasti
891 3715 960 3774 luce
983 3716 1135 3796 profundi,

441 3816 530 3891 „Quo
552 3818 592 3879 tis
614 3823 768 3879 secretum
790 3821 947 3879 scrutarer
967 3820 1192 3899 mysteriorum,

440 3920 506 3996 „Te
527 3922 626 3982 solnm
647 3923 748 3997 laudo,
770 3925 802 3982 te
825 3922 1010 3982 cordetenus
1032 3923 1190 3998 benedico,

354 4019 428 4088 215.
443 4023 504 4100 „Et
524 4025 579 4086 tibi
601 4026 730 4086 devotas
753 4024 869 4086 cunctis
892 4030 999 4104 grates
1022 4045 1081 4106 age
1102 4027 1247 4088 membris

384 4211 427 4254 191.
440 4210 466 4256 Ρ,
484 4211 521 4253 test
535 4221 570 4252 cm
584 4210 659 4252 Raude
675 4215 730 4256 stac
750 4211 822 4254 scindi
841 4211 946 4253 redivivis
967 4225 996 4254 sc
1017 4214 1139 4256 credere
1159 4215 1254 4259 duris.
1281 4215 1328 4258 abl.
1349 4213 1380 4256 Ad

438 4279 536 4336 laetis,
552 4281 584 4327 M·
