3048 4980
766 543 1006 612 ..294..

799 719 973 785 Caritas
1519 759 1520 794 .

370 807 570 892 Experiatur.
1518 813 1520 938 d

809 895 963 906 ——n—n-

763 981 1006 1044 Hadrianus.

371 1083 533 1164 Antioche,
556 1085 629 1169 quid
650 1085 791 1169 pateris?
835 1083 898 1148 Cur
918 1087 1036 1150 tristior
1058 1087 1148 1152 solito
1170 1084 1375 1168 regrederis?

771 1189 1007 1254 Antiochus.

373 1293 506 1368 Quando
536 1313 662 1358 causam
682 1294 827 1358 tristitiae
849 1296 1030 1378 experieris,
1053 1297 1129 1363 baut
1149 1296 1250 1370 minus
1273 1296 1405 1360 contris·

373 1399 457 1462 taris.
469 1397 512 1482 ⁶⁴)

765 1483 1005 1550 Hadrianus

374 1571 440 1648 Dio,
462 1589 502 1634 ne
524 1571 617 1633 celes.

441 1667 442 1674 ’
767 1657 1009 1723 Antiochus.

374 1761 436 1824 Illa
467 1761 593 1839 lasciva,
628 1779 719 1844 quarn
748 1763 823 1824 mibi
853 1765 1049 1826 cruciandam
1078 1764 1240 1842 tradidisti,
1268 1764 1409 1847 puellula

374 1877 424 1928 ine
446 1867 612 1948 praesente
634 1865 860 1948 flagellabatur,
882 1869 939 1930 sed
967 1887 1007 1930 ne
1035 1871 1138 1931 tenuis
1171 1870 1296 1950 quidem
1329 1868 1409 1930 eutis

375 1973 584 2033 summotenus
607 1971 864 2054 disrumpebatur.
908 1973 1028 2034 Deinde
1047 1973 1164 2055 projeci
1185 1974 1269 2034 iilam
1291 1971 1324 2033 in
1347 1973 1409 2034 for·

374 2093 490 2152 necem,
508 2075 635 2155 igneum
658 2077 791 2138 colorem
812 2095 888 2158 prae
917 2077 1008 2139 nimio
1037 2079 1147 2140 ardore
1171 2078 1408 2160 exprimentem.

771 2197 1012 2260 Hadrianus.

376 2297 438 2362 Gur
460 2299 635 2362 dissimulas
657 2300 764 2382 loqui?
786 2301 918 2385 Expone
942 2303 1060 2367 exitum
1079 2301 1134 2363 rei.

768 2406 1002 2469 Antiochus.

375 2507 515 2570 Flamma
538 2507 641 2592 erupit
663 2511 695 2572 et
716 2510 851 2592 quinque
872 2509 958 2572 milia
979 2509 1135 2572 bominum
1157 2510 1333 2573 combussit.

460 2622 468 2628 ’
774 2614 1014 2678 Hadrianus.

375 2717 418 2803 Et
440 2719 515 2801 quid
536 2719 666 2802 contigit
685 2720 755 2784 illi?

775 2823 1012 2887 Antiochus.

377 2906 529 2974 Caritati?

774 2997 1019 3062 Hadrianus.

376 3078 451 3166 ipsi.

778 3169 1007 3235 Antiochus.

376 3273 503 3338 Ludens
540 3276 621 3339 inter
653 3276 872 3339 flammivomos
904 3295 1037 3358 vapores
1069 3275 1257 3360 vagabat⁵⁵)
1292 3277 1326 3338 et
1358 3275 1414 3338 illa

377 3379 488 3442 laudes
509 3379 575 3442 Deo
606 3399 660 3442 suo
690 3382 855 3463 pangebat.
897 3379 1072 3458 libatiam,
1103 3381 1155 3462 qui
1176 3381 1344 3460 diligenter
1366 3380 1412 3440 in-

379 3502 524 3570 spexere,
553 3485 704 3562 serebant,
734 3487 800 3548 tres
829 3485 1008 3547 candidulos
1029 3485 1115 3548 viros
1138 3506 1207 3546 curn
1228 3485 1283 3546 illa
1306 3485 1410 3546 deam·
1519 3523 1520 3550 ι

377 3588 512 3651 bulasse.

777 3675 1010 3738 Hadrianus.

378 3780 539 3846 Erubesce
564 3781 650 3844 iilam
679 3781 763 3845 ultra
791 3781 909 3856 ridere,
933 3781 1004 3861 quia
1025 3796 1146 3862 nequeo
1169 3779 1254 3841 illam
1275 3777 1415 3856 laedere,

774 3884 1008 3950 Antiochus.

377 3991 499 4068 Restat,
516 3996 558 4057 nt
578 3992 747 4076 perimatur
770 3991 882 4072 gladio.

405 4231 488 4288 m‘So
501 4231 548 4286 bbg
567 4217 776 4282 contristeris,
791 4227 823 4284 0.,
837 4229 862 4274 S.
878 4241 901 4274 u.
915 4229 961 4284 hig.
988 4229 1028 4284 55)
1044 4227 1219 4282 vagabatur,
1235 4219 1269 4280 (3.,
1284 4223 1309 4271 S.
1323 4235 1346 4266 u.
1360 4223 1418 4279 hig„
1519 4207 1520 4252 ἶ

458 4303 493 4345 dic
507 4303 627 4346 corrector
641 4303 663 4343 iu
677 4301 764 4356 segub
773 4304 836 4343 stur
850 4302 880 4342 ist
897 4311 941 4342 rou
955 4299 1038 4343 Getico.
1056 4298 1150 4352 (Rern.)
