3068 4986
167 1469 171 1474 -
241 1404 313 1494 Ad
342 1404 585 1496 oddonem
616 1407 650 1496 1.
681 1407 1022 1545 Imperatorem.
1124 1455 1126 1460 ·

554 1611 709 1620 ..—.—.-

203 1771 335 1860 Poliens
357 1800 474 1877 imperii
496 1805 638 1880 regnator
660 1800 825 1862 caesariani
881 1846 886 1855 .

205 1917 304 2004 Orico,
328 1926 378 2000 qui
400 1921 479 2001 regis
500 1921 610 1998 pictate
631 1917 751 1982 fovente
772 1921 913 1998 perennis

204 2039 238 2102 ln
262 2043 384 2119 sceptris
406 2038 571 2122 augustalis
593 2039 765 2120 praeclarus
786 2039 910 2102 honoris

195 2161 354 2244 'Augustos
377 2179 480 2224 omnes
503 2181 624 2241 superas
645 2165 755 2242 pictate
780 2167 905 2245 priores,

115 2281 148 2350 5.
205 2282 298 2355 Quem
319 2281 418 2362 plures
431 2292 544 2366 gentes
566 2287 680 2362 passim
701 2291 835 2346 metuunt
855 2282 1035 2363 habitantes,

204 2403 379 2466 Muneribus
400 2407 492 2466 variis
514 2403 665 2469 Romanus
686 2406 778 2468 donet
800 2413 829 2467 ct
851 2406 951 2472 orbist

203 2522 350 2606 Exiguum
373 2543 481 2586 munus
504 2543 541 2586 nc
564 2544 688 2603 spernas
711 2529 851 2590 carminis
872 2521 974 2609 hujus,

205 2645 267 2708 ls'te
289 2647 342 2708 sed
365 2644 482 2708 oblatus
504 2644 622 2708 laudum
644 2645 757 2725 placcat
779 2648 833 2710 tihi
857 2665 973 2724 census,

205 2765 298 2840 Quem
319 2775 469 2846 postrema
490 2770 589 2849 gregis
613 2766 702 2830 solvit
724 2769 780 2831 tibi
802 2765 1083 2846 Gendcshcmcnsis,

119 2886 170 2952 10.
206 2887 299 2962 Quem
321 2888 415 2951 dulcis
436 2896 553 2968 petrum
576 2886 693 2970 collegit
716 2908 784 2951 cure
805 2896 932 2967 tucrum,

207 3005 445 3091 Continuumquc
467 3011 521 3072 tibi
543 3009 629 3071 debet
651 3009 780 3072 studium
804 3007 976 3073 famulandi.

205 3128 320 3193 Forsan
342 3138 493 3214 gestorum
516 3127 615 3209 plures
639 3134 783 3210 scripscrc
806 3138 923 3192 tuorum

205 3249 244 3314 Et
266 3260 335 3314 sunt
358 3255 493 3331 scripturi
514 3259 584 3330 post
605 3251 677 3314 hacc
698 3253 828 3334 insignia
849 3250 952 3325 multi3

208 3371 266 3434 Sed
289 3392 348 3436 non
371 3371 535 3452 exemplum
558 3376 712 3454 quisquam
734 3371 811 3436 mihi
832 3373 966 3452 praebuit
987 3369 1102 3450 horum,

122 3493 173 3558 15.
206 3491 269 3556 Nec
289 3495 443 3558 scribenda
464 3497 547 3573 prius
570 3497 672 3573 scripti
692 3495 818 3556 docuere
837 3492 938 3575 libelli,

208 3615 307 3680 Causa
330 3617 382 3678 sed
405 3624 451 3678 cst
472 3618 571 3695 operis
594 3623 709 3678 tantum
731 3615 849 3677 dcvctic
870 3617 990 3680 mentis

206 3735 291 3799 Haec
314 3739 400 3800 etad
424 3739 590 3800 audendum
610 3738 754 3800 suadebat
775 3754 849 3815 opus
872 3717 1076 3813 metuendum}

207 3837 284 3903 Nam
308 3839 513 3918 actionario,
538 3842 614 3922 quod
637 3849 721 3922 gesta
743 3843 785 3902 tui
808 3839 986 3904 modulando
1038 3850 1041 3854 ’

208 3944 327 4008 lncautc
349 3948 405 4007 sim
429 3944 506 4008 salsa
528 3964 664 4027 sequens,
685 3963 744 4008 non
768 3964 838 4007 vcra
860 3953 1010 4021 rctcxcns3

148 4183 308 4237 Mesenis,
332 4182 356 4227 G.
375 4195 398 4227 u.
419 4181 443 4227 S.
474 4183 495 4226 3.
512 4184 537 4224 ln
560 4182 688 4236 ceptris,
710 4180 748 4235 M„
768 4181 794 4224 P.
813 4193 835 4227 u.
856 4181 881 4228 0.
909 4182 1107 4237 vsperum,
1126 4174 1151 4224 S.

148 4255 170 4297 ⁸.
186 4252 363 4309 chintcr‚c.
377 4266 401 4295 u.
414 4251 438 4299 S.
468 4251 740 4306 licentiamque,
754 4249 778 4293 S.

901 4301 945 4370 20
